
	<record>
		<leader>-----nam-a22-----z--4500</leader>
		<controlfield tag="001">991001076025904574</controlfield>
		<controlfield tag="008">170626u1932uuuuuuuuu-|-o----u|----|eng-d</controlfield>
		<datafield tag="035" ind1=" " ind2=" ">
			<subfield code="a">(CKB)3790000000310726</subfield>
		</datafield>
		<datafield tag="035" ind1=" " ind2=" ">
			<subfield code="a">(EXLCZ)993790000000310726</subfield>
		</datafield>
		<datafield tag="245" ind1="1" ind2="0">
			<subfield code="a">Love life : facts that every married man and woman should know</subfield>
		</datafield>
		<datafield tag="246" ind1=" " ind2=" ">
			<subfield code="a">Love life </subfield>
		</datafield>
		<datafield tag="260" ind1=" " ind2=" ">
			<subfield code="a"/>
			<subfield code="b">Harry Cummins?</subfield>
		</datafield>
		<datafield tag="906" ind1=" " ind2=" ">
			<subfield code="a">BOOK</subfield>
		</datafield>
	</record>