
	<record>
		<leader>-----nam-a22-----z--4500</leader>
		<controlfield tag="001">991001076135004574</controlfield>
		<controlfield tag="008">170710u1907uuuuuuuuu-|-o----u|----|eng-d</controlfield>
		<datafield tag="035" ind1=" " ind2=" ">
			<subfield code="a">(CKB)3790000000325232</subfield>
		</datafield>
		<datafield tag="035" ind1=" " ind2=" ">
			<subfield code="a">(EXLCZ)993790000000325232</subfield>
		</datafield>
		<datafield tag="245" ind1="0" ind2="0">
			<subfield code="a">Poems By The Way &amp; Love Is Enough</subfield>
		</datafield>
		<datafield tag="906" ind1=" " ind2=" ">
			<subfield code="a">BOOK</subfield>
		</datafield>
	</record>