
	<record>
		<leader>00297nam-a2200109z--4500</leader>
		<controlfield tag="001">991001082153104574</controlfield>
		<controlfield tag="005">20200711011506.0</controlfield>
		<controlfield tag="008">171016u1885uuuuuuuuu-|-o----u|----|eng-d</controlfield>
		<datafield tag="035" ind1=" " ind2=" ">
			<subfield code="a">(CKB)4330000000280020</subfield>
		</datafield>
		<datafield tag="035" ind1=" " ind2=" ">
			<subfield code="a">(EXLCZ)994330000000280020</subfield>
		</datafield>
		<datafield tag="245" ind1="1" ind2="0">
			<subfield code="a">Bertha: a story of love. In verse. By C. E. Sayle</subfield>
		</datafield>
		<datafield tag="260" ind1=" " ind2=" ">
			<subfield code="b">Kegan Paul &amp; Co.</subfield>
		</datafield>
		<datafield tag="906" ind1=" " ind2=" ">
			<subfield code="a">BOOK</subfield>
		</datafield>
	</record>