
	<record>
		<leader>02782cam a2200649 a 4500</leader>
		<controlfield tag="001">991001088454304574</controlfield>
		<controlfield tag="005">20190809091213.0</controlfield>
		<controlfield tag="007">ta</controlfield>
		<controlfield tag="008">940407s1994    nyu           000 1 eng  </controlfield>
		<datafield tag="010" ind1=" " ind2=" ">
			<subfield code="a">   94013795 </subfield>
		</datafield>
		<datafield tag="019" ind1=" " ind2=" ">
			<subfield code="a">438509674</subfield>
			<subfield code="a">658883801</subfield>
			<subfield code="a">731364155</subfield>
			<subfield code="a">732621321</subfield>
			<subfield code="a">732652772</subfield>
			<subfield code="a">798223930</subfield>
		</datafield>
		<datafield tag="020" ind1=" " ind2=" ">
			<subfield code="a">0060177233</subfield>
		</datafield>
		<datafield tag="020" ind1=" " ind2=" ">
			<subfield code="a">9780060177232</subfield>
		</datafield>
		<datafield tag="020" ind1=" " ind2=" ">
			<subfield code="a">000224151X</subfield>
		</datafield>
		<datafield tag="020" ind1=" " ind2=" ">
			<subfield code="a">9780002241519</subfield>
		</datafield>
		<datafield tag="029" ind1="1" ind2=" ">
			<subfield code="a">AU@</subfield>
			<subfield code="b">000010900511</subfield>
		</datafield>
		<datafield tag="029" ind1="1" ind2=" ">
			<subfield code="a">AU@</subfield>
			<subfield code="b">000021428240</subfield>
		</datafield>
		<datafield tag="029" ind1="1" ind2=" ">
			<subfield code="a">NLGGC</subfield>
			<subfield code="b">12039085X</subfield>
		</datafield>
		<datafield tag="029" ind1="1" ind2=" ">
			<subfield code="a">NZ1</subfield>
			<subfield code="b">4418781</subfield>
		</datafield>
		<datafield tag="029" ind1="1" ind2=" ">
			<subfield code="a">UKPTR</subfield>
			<subfield code="b">058332343X</subfield>
		</datafield>
		<datafield tag="029" ind1="1" ind2=" ">
			<subfield code="a">UNITY</subfield>
			<subfield code="b">089232887</subfield>
		</datafield>
		<datafield tag="029" ind1="1" ind2=" ">
			<subfield code="a">YDXCP</subfield>
			<subfield code="b">21665</subfield>
		</datafield>
		<datafield tag="035" ind1=" " ind2=" ">
			<subfield code="a">(OCoLC)30356047</subfield>
			<subfield code="z">(OCoLC)438509674</subfield>
			<subfield code="z">(OCoLC)658883801</subfield>
			<subfield code="z">(OCoLC)731364155</subfield>
			<subfield code="z">(OCoLC)732621321</subfield>
			<subfield code="z">(OCoLC)732652772</subfield>
			<subfield code="z">(OCoLC)798223930</subfield>
		</datafield>
		<datafield tag="035" ind1=" " ind2=" ">
			<subfield code="a">(OCoLC)ocm30356047 </subfield>
		</datafield>
		<datafield tag="040" ind1=" " ind2=" ">
			<subfield code="a">DLC</subfield>
			<subfield code="b">eng</subfield>
			<subfield code="c">DLC</subfield>
			<subfield code="d">FIT</subfield>
			<subfield code="d">BAKER</subfield>
			<subfield code="d">BTCTA</subfield>
			<subfield code="d">YDXCP</subfield>
			<subfield code="d">B@L</subfield>
			<subfield code="d">TXBXL</subfield>
			<subfield code="d">MNW</subfield>
			<subfield code="d">CNAHP</subfield>
			<subfield code="d">CNGNQ</subfield>
			<subfield code="d">OCLCF</subfield>
			<subfield code="d">HLNDP</subfield>
			<subfield code="d">OCLCO</subfield>
			<subfield code="d">OCLCQ</subfield>
			<subfield code="d">OCLCO</subfield>
			<subfield code="d">OCL</subfield>
			<subfield code="d">MQ9</subfield>
			<subfield code="d">HOCKP</subfield>
			<subfield code="d">OCLCO</subfield>
			<subfield code="d">OCL</subfield>
			<subfield code="d">MVD</subfield>
			<subfield code="d">OCLCQ</subfield>
			<subfield code="d">NZHPC</subfield>
			<subfield code="d">BRL</subfield>
			<subfield code="d">T3Q</subfield>
			<subfield code="d">OCLCO</subfield>
			<subfield code="d">MLM</subfield>
			<subfield code="d">TXLWP</subfield>
			<subfield code="d">CSA</subfield>
			<subfield code="d">OCLCO</subfield>
			<subfield code="d">LMJ</subfield>
			<subfield code="d">OCLCO</subfield>
			<subfield code="d">OCLCQ</subfield>
			<subfield code="d">M8D</subfield>
			<subfield code="d">OCLCO</subfield>
			<subfield code="d">JX9</subfield>
			<subfield code="d">OCLCO</subfield>
			<subfield code="d">QT7</subfield>
			<subfield code="d">TX6</subfield>
			<subfield code="d">OCLCO</subfield>
			<subfield code="d">MQS</subfield>
		</datafield>
		<datafield tag="043" ind1=" " ind2=" ">
			<subfield code="a">n-us---</subfield>
		</datafield>
		<datafield tag="050" ind1="0" ind2="0">
			<subfield code="a">PS3552.R2147</subfield>
			<subfield code="b">E94 1994</subfield>
		</datafield>
		<datafield tag="060" ind1=" " ind2="4">
			<subfield code="a">Bradford, B.</subfield>
		</datafield>
		<datafield tag="060" ind1=" " ind2="4">
			<subfield code="a">PB</subfield>
		</datafield>
		<datafield tag="082" ind1="0" ind2="0">
			<subfield code="a">813/.54</subfield>
			<subfield code="2">20</subfield>
		</datafield>
		<datafield tag="100" ind1="1" ind2=" ">
			<subfield code="a">Bradford, Barbara Taylor,</subfield>
			<subfield code="d">1933-</subfield>
		</datafield>
		<datafield tag="245" ind1="1" ind2="0">
			<subfield code="a">Everything to gain /</subfield>
			<subfield code="c">Barbara Taylor Bradford.</subfield>
		</datafield>
		<datafield tag="250" ind1=" " ind2=" ">
			<subfield code="a">1st ed.</subfield>
		</datafield>
		<datafield tag="260" ind1=" " ind2=" ">
			<subfield code="a">New York, NY :</subfield>
			<subfield code="b">HarperCollins,</subfield>
			<subfield code="c">©1994.</subfield>
		</datafield>
		<datafield tag="300" ind1=" " ind2=" ">
			<subfield code="a">xvi, 361 pages ;</subfield>
			<subfield code="c">25 cm</subfield>
		</datafield>
		<datafield tag="336" ind1=" " ind2=" ">
			<subfield code="a">text</subfield>
			<subfield code="b">txt</subfield>
			<subfield code="2">rdacontent</subfield>
		</datafield>
		<datafield tag="337" ind1=" " ind2=" ">
			<subfield code="a">unmediated</subfield>
			<subfield code="b">n</subfield>
			<subfield code="2">rdamedia</subfield>
		</datafield>
		<datafield tag="338" ind1=" " ind2=" ">
			<subfield code="a">volume</subfield>
			<subfield code="b">nc</subfield>
			<subfield code="2">rdacarrier</subfield>
		</datafield>
		<datafield tag="520" ind1=" " ind2=" ">
			<subfield code="a">A New York woman's perfect life comes crashing down when her husband and children are murdered in a car jacking. The novel chronicles her recovery from bouts of depression and thoughts of suicide by starting a business of her own and finding a man. By the author of Angel.</subfield>
		</datafield>
		<datafield tag="650" ind1=" " ind2="0">
			<subfield code="a">Widows</subfield>
			<subfield code="v">Fiction.</subfield>
		</datafield>
		<datafield tag="650" ind1=" " ind2="1">
			<subfield code="a">Friendship.</subfield>
		</datafield>
		<datafield tag="650" ind1=" " ind2="7">
			<subfield code="a">Widows.</subfield>
			<subfield code="2">fast</subfield>
			<subfield code="0">(OCoLC)fst01174951</subfield>
		</datafield>
		<datafield tag="650" ind1=" " ind2="7">
			<subfield code="a">Man-woman relationship</subfield>
			<subfield code="v">Fiction.</subfield>
			<subfield code="2">sears</subfield>
		</datafield>
		<datafield tag="650" ind1=" " ind2="7">
			<subfield code="a">Widows</subfield>
			<subfield code="v">Fiction.</subfield>
			<subfield code="2">sears</subfield>
		</datafield>
		<datafield tag="653" ind1=" " ind2=" ">
			<subfield code="a">Widows -- Fiction.</subfield>
		</datafield>
		<datafield tag="655" ind1=" " ind2="7">
			<subfield code="a">Romance fiction.</subfield>
			<subfield code="2">fast</subfield>
			<subfield code="0">(OCoLC)fst01921732</subfield>
		</datafield>
		<datafield tag="655" ind1=" " ind2="7">
			<subfield code="a">Fiction.</subfield>
			<subfield code="2">fast</subfield>
			<subfield code="0">(OCoLC)fst01423787</subfield>
		</datafield>
		<datafield tag="655" ind1=" " ind2="7">
			<subfield code="a">Romance fiction.</subfield>
			<subfield code="2">lcgft</subfield>
		</datafield>
		<datafield tag="655" ind1=" " ind2="4">
			<subfield code="a">Love stories.</subfield>
		</datafield>
		<datafield tag="655" ind1=" " ind2="7">
			<subfield code="a">Love stories.</subfield>
			<subfield code="2">gsafd</subfield>
		</datafield>
		<datafield tag="776" ind1="0" ind2="8">
			<subfield code="i">Online version:</subfield>
			<subfield code="a">Bradford, Barbara Taylor, 1933-</subfield>
			<subfield code="t">Everything to gain.</subfield>
			<subfield code="b">1st ed.</subfield>
			<subfield code="d">New York, NY : HarperCollins, ©1994</subfield>
			<subfield code="w">(OCoLC)624482788</subfield>
		</datafield>
		<datafield tag="938" ind1=" " ind2=" ">
			<subfield code="a">Baker &amp; Taylor</subfield>
			<subfield code="b">BKTY</subfield>
			<subfield code="c">24.00</subfield>
			<subfield code="d">18.00</subfield>
			<subfield code="i">0060177233</subfield>
			<subfield code="n">0002468231</subfield>
			<subfield code="s">active</subfield>
		</datafield>
		<datafield tag="938" ind1=" " ind2=" ">
			<subfield code="a">Baker and Taylor</subfield>
			<subfield code="b">BTCP</subfield>
			<subfield code="n">94013795</subfield>
			<subfield code="c">$24.00 ($29.95 Can.)</subfield>
		</datafield>
		<datafield tag="938" ind1=" " ind2=" ">
			<subfield code="a">YBP Library Services</subfield>
			<subfield code="b">YANK</subfield>
			<subfield code="n">21665</subfield>
		</datafield>
		<datafield tag="938" ind1=" " ind2=" ">
			<subfield code="a">YBP Library Services</subfield>
			<subfield code="b">YANK</subfield>
			<subfield code="n">7884054</subfield>
		</datafield>
		<datafield tag="948" ind1=" " ind2=" ">
			<subfield code="h">NO HOLDINGS IN TT@ - 1988 OTHER HOLDINGS</subfield>
		</datafield>
		<datafield tag="994" ind1=" " ind2=" ">
			<subfield code="a">Z0</subfield>
			<subfield code="b">TT@</subfield>
		</datafield>
	</record>