
	<record>
		<leader>02543cam a2200577Ia 4500</leader>
		<controlfield tag="001">991001088455804574</controlfield>
		<controlfield tag="005">20190808093330.0</controlfield>
		<controlfield tag="008">920522s1992    nyu           000 1 eng d</controlfield>
		<datafield tag="010" ind1=" " ind2=" ">
			<subfield code="a">   91092438 </subfield>
		</datafield>
		<datafield tag="019" ind1=" " ind2=" ">
			<subfield code="a">221264279</subfield>
			<subfield code="a">503184417</subfield>
			<subfield code="a">608995967</subfield>
			<subfield code="a">670375704</subfield>
			<subfield code="a">769546144</subfield>
			<subfield code="a">797173844</subfield>
			<subfield code="a">975838736</subfield>
		</datafield>
		<datafield tag="020" ind1=" " ind2=" ">
			<subfield code="a">0380756269</subfield>
			<subfield code="q">(pbk.)</subfield>
		</datafield>
		<datafield tag="020" ind1=" " ind2=" ">
			<subfield code="a">9780380756261</subfield>
			<subfield code="q">(pbk.)</subfield>
		</datafield>
		<datafield tag="029" ind1="1" ind2=" ">
			<subfield code="a">AU@</subfield>
			<subfield code="b">000009132138</subfield>
		</datafield>
		<datafield tag="029" ind1="1" ind2=" ">
			<subfield code="a">AU@</subfield>
			<subfield code="b">000045884670</subfield>
		</datafield>
		<datafield tag="029" ind1="1" ind2=" ">
			<subfield code="a">NZ1</subfield>
			<subfield code="b">12643594</subfield>
		</datafield>
		<datafield tag="029" ind1="1" ind2=" ">
			<subfield code="a">NZ1</subfield>
			<subfield code="b">5051083</subfield>
		</datafield>
		<datafield tag="029" ind1="1" ind2=" ">
			<subfield code="a">UNITY</subfield>
			<subfield code="b">084362901</subfield>
		</datafield>
		<datafield tag="029" ind1="1" ind2=" ">
			<subfield code="a">AU@</subfield>
			<subfield code="b">000060420518</subfield>
		</datafield>
		<datafield tag="035" ind1=" " ind2=" ">
			<subfield code="a">(OCoLC)25861302</subfield>
			<subfield code="z">(OCoLC)221264279</subfield>
			<subfield code="z">(OCoLC)503184417</subfield>
			<subfield code="z">(OCoLC)608995967</subfield>
			<subfield code="z">(OCoLC)670375704</subfield>
			<subfield code="z">(OCoLC)769546144</subfield>
			<subfield code="z">(OCoLC)797173844</subfield>
			<subfield code="z">(OCoLC)975838736</subfield>
		</datafield>
		<datafield tag="035" ind1=" " ind2=" ">
			<subfield code="a">(OCoLC)ocm25861302 </subfield>
		</datafield>
		<datafield tag="040" ind1=" " ind2=" ">
			<subfield code="a">INB</subfield>
			<subfield code="b">eng</subfield>
			<subfield code="c">INB</subfield>
			<subfield code="d">SVP</subfield>
			<subfield code="d">GZS</subfield>
			<subfield code="d">BGU</subfield>
			<subfield code="d">OCL</subfield>
			<subfield code="d">OCLCQ</subfield>
			<subfield code="d">BTCTA</subfield>
			<subfield code="d">JBO</subfield>
			<subfield code="d">VUE</subfield>
			<subfield code="d">TJT</subfield>
			<subfield code="d">BDX</subfield>
			<subfield code="d">OCLCQ</subfield>
			<subfield code="d">OCLCF</subfield>
			<subfield code="d">OCLCQ</subfield>
			<subfield code="d">OCLCO</subfield>
			<subfield code="d">CGP</subfield>
			<subfield code="d">VYG</subfield>
			<subfield code="d">OCLCO</subfield>
			<subfield code="d">OCLCQ</subfield>
			<subfield code="d">I8M</subfield>
			<subfield code="d">GRR</subfield>
			<subfield code="d">DLC</subfield>
			<subfield code="d">ZQP</subfield>
			<subfield code="d">OCLCO</subfield>
			<subfield code="d">XYO</subfield>
			<subfield code="d">OCLCO</subfield>
			<subfield code="d">OCL</subfield>
		</datafield>
		<datafield tag="043" ind1=" " ind2=" ">
			<subfield code="a">e-uk---</subfield>
		</datafield>
		<datafield tag="050" ind1="1" ind2="4">
			<subfield code="a">PS3562.I5123</subfield>
			<subfield code="b">M36x 1992</subfield>
		</datafield>
		<datafield tag="082" ind1="0" ind2="4">
			<subfield code="a">813/.54</subfield>
			<subfield code="2">23</subfield>
		</datafield>
		<datafield tag="100" ind1="1" ind2=" ">
			<subfield code="a">Lindsey, Johanna.</subfield>
		</datafield>
		<datafield tag="245" ind1="1" ind2="0">
			<subfield code="a">Man of my dreams /</subfield>
			<subfield code="c">Johanna Lindsey.</subfield>
		</datafield>
		<datafield tag="260" ind1=" " ind2=" ">
			<subfield code="a">New York :</subfield>
			<subfield code="b">Avon,</subfield>
			<subfield code="c">©1992.</subfield>
		</datafield>
		<datafield tag="300" ind1=" " ind2=" ">
			<subfield code="a">405 pages ;</subfield>
			<subfield code="c">18 cm</subfield>
		</datafield>
		<datafield tag="336" ind1=" " ind2=" ">
			<subfield code="a">text</subfield>
			<subfield code="b">txt</subfield>
			<subfield code="2">rdacontent</subfield>
		</datafield>
		<datafield tag="337" ind1=" " ind2=" ">
			<subfield code="a">unmediated</subfield>
			<subfield code="b">n</subfield>
			<subfield code="2">rdamedia</subfield>
		</datafield>
		<datafield tag="338" ind1=" " ind2=" ">
			<subfield code="a">volume</subfield>
			<subfield code="b">nc</subfield>
			<subfield code="2">rdacarrier</subfield>
		</datafield>
		<datafield tag="490" ind1="1" ind2=" ">
			<subfield code="a">Avon Historical Romance</subfield>
		</datafield>
		<datafield tag="520" ind1="8" ind2=" ">
			<subfield code="a">Posing as lowborn Jefferys to escape a potentially fatal confrontation, Sir Ambrose is enthralled by the brazen, duke- hunting redhead. Without revealing his true identity, he vows to seduce and tame her, thereby foiling Megan's plans to marry the man of her dreams. But the notorious rogue never imagined the enchanting schemer would turn out to be the only woman he would ever dream of marrying.</subfield>
		</datafield>
		<datafield tag="651" ind1=" " ind2="0">
			<subfield code="a">Great Britain</subfield>
			<subfield code="x">History</subfield>
			<subfield code="y">Victoria, 1837-1901</subfield>
			<subfield code="v">Fiction.</subfield>
		</datafield>
		<datafield tag="651" ind1=" " ind2="7">
			<subfield code="a">Great Britain.</subfield>
			<subfield code="2">fast</subfield>
			<subfield code="0">(OCoLC)fst01204623</subfield>
		</datafield>
		<datafield tag="650" ind1=" " ind2="7">
			<subfield code="a">Romance fiction.</subfield>
			<subfield code="2">lcgft</subfield>
		</datafield>
		<datafield tag="648" ind1=" " ind2="7">
			<subfield code="a">1837 - 1901</subfield>
			<subfield code="2">fast</subfield>
		</datafield>
		<datafield tag="655" ind1=" " ind2="7">
			<subfield code="a">Romance fiction.</subfield>
			<subfield code="2">fast</subfield>
			<subfield code="0">(OCoLC)fst01921732</subfield>
		</datafield>
		<datafield tag="655" ind1=" " ind2="7">
			<subfield code="a">Novela romántica.</subfield>
			<subfield code="2">local</subfield>
		</datafield>
		<datafield tag="655" ind1=" " ind2="4">
			<subfield code="a">Romance fiction.</subfield>
		</datafield>
		<datafield tag="655" ind1=" " ind2="7">
			<subfield code="a">Romance fiction.</subfield>
			<subfield code="2">lcgft</subfield>
		</datafield>
		<datafield tag="655" ind1=" " ind2="0">
			<subfield code="a">Love stories, American.</subfield>
		</datafield>
		<datafield tag="655" ind1=" " ind2="7">
			<subfield code="a">Fiction.</subfield>
			<subfield code="2">fast</subfield>
			<subfield code="0">(OCoLC)fst01423787</subfield>
		</datafield>
		<datafield tag="655" ind1=" " ind2="7">
			<subfield code="a">History.</subfield>
			<subfield code="2">fast</subfield>
			<subfield code="0">(OCoLC)fst01411628</subfield>
		</datafield>
		<datafield tag="655" ind1=" " ind2="7">
			<subfield code="a">Love stories.</subfield>
			<subfield code="2">gsafd</subfield>
		</datafield>
		<datafield tag="655" ind1=" " ind2="7">
			<subfield code="a">Historical fiction.</subfield>
			<subfield code="2">gsafd</subfield>
		</datafield>
		<datafield tag="830" ind1=" " ind2="0">
			<subfield code="a">Avon romance.</subfield>
		</datafield>
		<datafield tag="938" ind1=" " ind2=" ">
			<subfield code="a">Brodart</subfield>
			<subfield code="b">BROD</subfield>
			<subfield code="n">44244517</subfield>
			<subfield code="c">$7.99</subfield>
		</datafield>
		<datafield tag="938" ind1=" " ind2=" ">
			<subfield code="a">Baker and Taylor</subfield>
			<subfield code="b">BTCP</subfield>
			<subfield code="n">bl 99727420</subfield>
		</datafield>
		<datafield tag="948" ind1=" " ind2=" ">
			<subfield code="h">NO HOLDINGS IN TT@ - 587 OTHER HOLDINGS</subfield>
		</datafield>
		<datafield tag="994" ind1=" " ind2=" ">
			<subfield code="a">Z0</subfield>
			<subfield code="b">TT@</subfield>
		</datafield>
	</record>