
	<record>
		<leader>00955nam-a2200169z--4500</leader>
		<controlfield tag="001">991001094802604574</controlfield>
		<controlfield tag="005">20200422211346.0</controlfield>
		<controlfield tag="008">200210u1897uuuuuuuuu-|-o----u|----|eng-d</controlfield>
		<datafield tag="020" ind1=" " ind2=" ">
			<subfield code="a">1-78736-046-6</subfield>
		</datafield>
		<datafield tag="035" ind1=" " ind2=" ">
			<subfield code="a">(CKB)4100000010139041</subfield>
		</datafield>
		<datafield tag="035" ind1=" " ind2=" ">
			<subfield code="a">(EXLCZ)994100000010139041</subfield>
		</datafield>
		<datafield tag="100" ind1="1" ind2=" ">
			<subfield code="a">Morris, William,</subfield>
			<subfield code="d">1834-1896,</subfield>
			<subfield code="e">author.</subfield>
		</datafield>
		<datafield tag="245" ind1="0" ind2="0">
			<subfield code="a">Sundering Flood</subfield>
		</datafield>
		<datafield tag="260" ind1=" " ind2=" ">
			<subfield code="b">Project Gutenberg Literary Archive Foundation</subfield>
		</datafield>
		<datafield tag="520" ind1=" " ind2=" ">
			<subfield code="a">In his final novel, Morris draws upon Icelandic lore to tell a tale of two lovers, Osberne and Elfhild, separated by a broad river. When Elfhild vanishes from the riverbank, Osberne takes up his magical sword Boardcleaver and begins a desperate search. He soon finds himself battling a tyrannical king in the service of rebel knight Sir Godrick of Longshaw, but Osberne can never forget the quest for his lost love. This is captivating blend of chivalric romance and wizardry.</subfield>
		</datafield>
		<datafield tag="650" ind1=" " ind2="0">
			<subfield code="a">Fantasy literature.</subfield>
		</datafield>
		<datafield tag="700" ind1="1" ind2=" ">
			<subfield code="a">Morris, May,</subfield>
			<subfield code="d">1862-1938,</subfield>
			<subfield code="e">editor.</subfield>
		</datafield>
		<datafield tag="906" ind1=" " ind2=" ">
			<subfield code="a">BOOK</subfield>
		</datafield>
	</record>