
	<record>
		<leader>00941nam-a2200133z--4500</leader>
		<controlfield tag="001">991001094819204574</controlfield>
		<controlfield tag="005">20200416000537.0</controlfield>
		<controlfield tag="008">200210u1903uuuuuuuuu-|-o----u|----|eng-d</controlfield>
		<datafield tag="020" ind1=" " ind2=" ">
			<subfield code="a">0-243-64983-5</subfield>
		</datafield>
		<datafield tag="035" ind1=" " ind2=" ">
			<subfield code="a">(CKB)4100000010138968</subfield>
		</datafield>
		<datafield tag="035" ind1=" " ind2=" ">
			<subfield code="a">(EXLCZ)994100000010138968</subfield>
		</datafield>
		<datafield tag="245" ind1="0" ind2="0">
			<subfield code="a">Poetry of Robert Browning /</subfield>
			<subfield code="c">by Stopford A. Brooke.</subfield>
		</datafield>
		<datafield tag="260" ind1=" " ind2=" ">
			<subfield code="b">Isbister</subfield>
		</datafield>
		<datafield tag="505" ind1="0" ind2=" ">
			<subfield code="a">I. Browning And Tennyson -- II. The Treatment Of Nature -- III. The Treatment Of Nature -- IV. Browning's Theory Of Human Life—Pauline And Paracelsus -- V. The Poet Of Art -- VI. Sordello -- VII. Browning And Sordello -- VIII. The Dramas -- IX. Poems Of The Passion Of Love -- X. The Passions Other Than Love -- XI. Imaginative Representations -- XII. Imaginative Representations—Renaissance -- XIII. Womanhood In Browning -- XIV. Womanhood In Browning—(The Dramatic Lyrics And Pompilia) -- XV. Balaustion -- XVI. The Ring And The Book -- XVII. Later Poems -- XVIII. The Last Poems.</subfield>
		</datafield>
		<datafield tag="906" ind1=" " ind2=" ">
			<subfield code="a">BOOK</subfield>
		</datafield>
	</record>