
	<record>
		<leader>-----nam-a22-----z--4500</leader>
		<controlfield tag="001">991001094829504574</controlfield>
		<controlfield tag="008">200210u1907uuuuuuuuu-|-o----u|----|eng-d</controlfield>
		<datafield tag="020" ind1=" " ind2=" ">
			<subfield code="a">1-5183-8957-0</subfield>
		</datafield>
		<datafield tag="035" ind1=" " ind2=" ">
			<subfield code="a">(CKB)4100000010138865</subfield>
		</datafield>
		<datafield tag="035" ind1=" " ind2=" ">
			<subfield code="a">(EXLCZ)994100000010138865</subfield>
		</datafield>
		<datafield tag="245" ind1="0" ind2="0">
			<subfield code="a">Kingdom of Love</subfield>
		</datafield>
		<datafield tag="260" ind1=" " ind2=" ">
			<subfield code="b">R. F. Fenno &amp; Company</subfield>
		</datafield>
		<datafield tag="906" ind1=" " ind2=" ">
			<subfield code="a">BOOK</subfield>
		</datafield>
	</record>