
	<record>
		<leader>-----nam-a22-----z--4500</leader>
		<controlfield tag="001">991001094837604574</controlfield>
		<controlfield tag="008">200210u1890uuuuuuuuu-|-o----u|----|eng-d</controlfield>
		<datafield tag="020" ind1=" " ind2=" ">
			<subfield code="a">1-5312-0962-9</subfield>
		</datafield>
		<datafield tag="035" ind1=" " ind2=" ">
			<subfield code="a">(CKB)4100000010138783</subfield>
		</datafield>
		<datafield tag="035" ind1=" " ind2=" ">
			<subfield code="a">(EXLCZ)994100000010138783</subfield>
		</datafield>
		<datafield tag="245" ind1="0" ind2="0">
			<subfield code="a">For Woman's Love</subfield>
		</datafield>
		<datafield tag="260" ind1=" " ind2=" ">
			<subfield code="b">R. Bonner</subfield>
		</datafield>
		<datafield tag="906" ind1=" " ind2=" ">
			<subfield code="a">BOOK</subfield>
		</datafield>
	</record>