
	<record>
		<leader>00809nam-a2200181z--4500</leader>
		<controlfield tag="001">991001094844904574</controlfield>
		<controlfield tag="005">20200501221249.0</controlfield>
		<controlfield tag="008">200210u1880uuuuuuuuu-|-o----u|----|eng-d</controlfield>
		<datafield tag="020" ind1=" " ind2=" ">
			<subfield code="a">1-5080-2759-5</subfield>
		</datafield>
		<datafield tag="035" ind1=" " ind2=" ">
			<subfield code="a">(CKB)4100000010138754</subfield>
		</datafield>
		<datafield tag="035" ind1=" " ind2=" ">
			<subfield code="a">(EXLCZ)994100000010138754</subfield>
		</datafield>
		<datafield tag="100" ind1="1" ind2=" ">
			<subfield code="a">James, Henry,</subfield>
			<subfield code="d">1843-1916.</subfield>
		</datafield>
		<datafield tag="245" ind1="0" ind2="4">
			<subfield code="a">The diary of a man of fifty /</subfield>
			<subfield code="c">by Henry James.</subfield>
		</datafield>
		<datafield tag="260" ind1=" " ind2=" ">
			<subfield code="b">Harper &amp; Brothers</subfield>
		</datafield>
		<datafield tag="520" ind1=" " ind2=" ">
			<subfield code="a">Henry James' short story "The Diary of a Man of Fifty" is a moving and thought-provoking meditation on aging and coming to terms with one's past. The narrator pays a return visit to Italy, where he spent some time many years before, and revisits memories of an ultimately doomed love affair, some painful and some enriching.</subfield>
		</datafield>
		<datafield tag="655" ind1=" " ind2="7">
			<subfield code="a">Diary fiction.</subfield>
			<subfield code="2">lcsh</subfield>
		</datafield>
		<datafield tag="651" ind1=" " ind2="0">
			<subfield code="a">Italy</subfield>
			<subfield code="v">Fiction.</subfield>
		</datafield>
		<datafield tag="650" ind1=" " ind2="0">
			<subfield code="a">Aging</subfield>
			<subfield code=" ">Fiction.</subfield>
		</datafield>
		<datafield tag="906" ind1=" " ind2=" ">
			<subfield code="a">BOOK</subfield>
		</datafield>
	</record>