
	<record>
		<leader>02007nam-a2200253z--4500</leader>
		<controlfield tag="001">991001094847204574</controlfield>
		<controlfield tag="005">20200423174606.0</controlfield>
		<controlfield tag="008">200210u1895uuuuuuuuu-|-o----u|----|eng-d</controlfield>
		<datafield tag="020" ind1=" " ind2=" ">
			<subfield code="a">1-5378-2166-0</subfield>
		</datafield>
		<datafield tag="035" ind1=" " ind2=" ">
			<subfield code="a">(CKB)4100000010138731</subfield>
		</datafield>
		<datafield tag="035" ind1=" " ind2=" ">
			<subfield code="a">(EXLCZ)994100000010138731</subfield>
		</datafield>
		<datafield tag="100" ind1="1" ind2=" ">
			<subfield code="a">Shaw, S. B.</subfield>
			<subfield code="q">(Solomon Benjamin),</subfield>
			<subfield code="d">1854-</subfield>
		</datafield>
		<datafield tag="245" ind1="0" ind2="0">
			<subfield code="a">Children's edition of touching incidents and remarkable Answers to prayer /</subfield>
			<subfield code="c">S. B. Shaw.</subfield>
		</datafield>
		<datafield tag="246" ind1="3" ind2=" ">
			<subfield code="a">Children's Edition of Touching Incidents</subfield>
		</datafield>
		<datafield tag="260" ind1=" " ind2=" ">
			<subfield code="b">S.B. Shaw</subfield>
		</datafield>
		<datafield tag="505" ind1="0" ind2=" ">
			<subfield code="a">Always tell the truth -- The child heroine of New Brunswick -- Annie and Vanie's first real prayer -- God heals a blind girl -- "Does this railroad lead to Heaven?" -- The young martyr  -- A child's prayer answered -- The converted infidel -- The stowaway -- The golden rule exemplified -- Only one vote -- How a little girl utilized the telephone -- Jesus answers Ruth's prayers -- Very sick -- The dying girl’s prayer for her drunken father -- Lost treasures -- The little girl, who died to save her father’s life -- "Forgotten my soul" -- Prevailing prayer of a child -- The dying news boy -- New shoes -- Little Jennie's sickness and death -- She died for him -- "I don't love you now, mother" -- "Little mother" -- Robbie Goodman's prayer -- Carletta and the merchant -- How three Sunday school children met their fate -- He blesses God for the faith of his little girl -- A wonderful children's meeting -- "They are not strangers, mama" -- Jessie finds Jesus -- "I'll never, steal again :  if father kills me for it" -- Six months' record -- A child's faith -- Triumphant death of a little child -- The child’s prayer -- The cat came back -- How God answered Donald's prayer.</subfield>
		</datafield>
		<datafield tag="650" ind1=" " ind2="0">
			<subfield code="a">Christian life</subfield>
			<subfield code="v">Juvenile literature.</subfield>
		</datafield>
		<datafield tag="650" ind1=" " ind2="0">
			<subfield code="a">Prayer</subfield>
			<subfield code="v">Juvenile literature.</subfield>
		</datafield>
		<datafield tag="650" ind1=" " ind2="0">
			<subfield code="a">Children</subfield>
			<subfield code="x">Death</subfield>
			<subfield code="v">Juvenile literature.</subfield>
		</datafield>
		<datafield tag="650" ind1=" " ind2="0">
			<subfield code="a">Salvation</subfield>
			<subfield code="v">Juvenile literature.</subfield>
		</datafield>
		<datafield tag="650" ind1=" " ind2="0">
			<subfield code="a">Christian life.</subfield>
		</datafield>
		<datafield tag="650" ind1=" " ind2="0">
			<subfield code="a">Children</subfield>
			<subfield code="x">Death.</subfield>
		</datafield>
		<datafield tag="650" ind1=" " ind2="0">
			<subfield code="a">Salvation.</subfield>
		</datafield>
		<datafield tag="650" ind1=" " ind2="0">
			<subfield code="a">Prayer.</subfield>
		</datafield>
		<datafield tag="906" ind1=" " ind2=" ">
			<subfield code="a">BOOK</subfield>
		</datafield>
	</record>