
	<record>
		<leader>00367nam a2200145uu 4500</leader>
		<controlfield tag="001">991000001479704574</controlfield>
		<controlfield tag="005">20080404102352.0</controlfield>
		<controlfield tag="008">namuu  1988   </controlfield>
		<datafield tag="020" ind1=" " ind2=" ">
			<subfield code="a">140003468X</subfield>
		</datafield>
		<datafield tag="035" ind1=" " ind2=" ">
			<subfield code="a">(TT@)147-01gali_srtc</subfield>
		</datafield>
		<datafield tag="035" ind1=" " ind2=" ">
			<subfield code="a">otf00004745</subfield>
			<subfield code="9">ExL</subfield>
		</datafield>
		<datafield tag="039" ind1=" " ind2=" ">
			<subfield code="a">147</subfield>
		</datafield>
		<datafield tag="100" ind1="1" ind2=" ">
			<subfield code="a">Marquez, Gabriel Garcia.</subfield>
		</datafield>
		<datafield tag="245" ind1="1" ind2="0">
			<subfield code="a">Love in the time of cholera</subfield>
		</datafield>
		<datafield tag="949" ind1="1" ind2=" ">
			<subfield code="a">MLTP</subfield>
			<subfield code="g">30858100056303</subfield>
			<subfield code="p">2.00</subfield>
		</datafield>
		<datafield tag="949" ind1="1" ind2=" ">
			<subfield code="a">TATP</subfield>
			<subfield code="g">30858100056311</subfield>
			<subfield code="p">2.00</subfield>
		</datafield>
		<datafield tag="949" ind1="1" ind2=" ">
			<subfield code="a">IDCP</subfield>
			<subfield code="g">30858100056329</subfield>
			<subfield code="p">2.00</subfield>
		</datafield>
	</record>