
	<record>
		<leader>00976nam a2200289 a 4500</leader>
		<controlfield tag="001">991000001799704574</controlfield>
		<controlfield tag="005">20150706105727.0</controlfield>
		<controlfield tag="008">940321s1993    nyu      b    001 0 eng  </controlfield>
		<datafield tag="010" ind1=" " ind2=" ">
			<subfield code="a">   92075237 </subfield>
		</datafield>
		<datafield tag="020" ind1=" " ind2=" ">
			<subfield code="a">0345380347 :</subfield>
			<subfield code="c">$11.50 ($15.00 Can.)</subfield>
		</datafield>
		<datafield tag="035" ind1=" " ind2=" ">
			<subfield code="a">(TT@)179-01gali_srtc</subfield>
		</datafield>
		<datafield tag="035" ind1=" " ind2=" ">
			<subfield code="a">92075237</subfield>
			<subfield code="9">ExL</subfield>
		</datafield>
		<datafield tag="039" ind1=" " ind2=" ">
			<subfield code="a">179</subfield>
		</datafield>
		<datafield tag="040" ind1=" " ind2=" ">
			<subfield code="a">DLC</subfield>
			<subfield code="c">DLC</subfield>
		</datafield>
		<datafield tag="050" ind1="0" ind2="0">
			<subfield code="a">HQ55</subfield>
			<subfield code="b">.B87 1993</subfield>
		</datafield>
		<datafield tag="100" ind1="1" ind2=" ">
			<subfield code="a">Butler, Robert N.,</subfield>
			<subfield code="d">1927-</subfield>
		</datafield>
		<datafield tag="245" ind1="1" ind2="0">
			<subfield code="a">Love and sex after 60 /</subfield>
			<subfield code="c">Robert N. Butler and Myrna I. Lewis.</subfield>
		</datafield>
		<datafield tag="250" ind1=" " ind2=" ">
			<subfield code="a">Rev. ed., 1st Ballantine Books ed.</subfield>
		</datafield>
		<datafield tag="260" ind1=" " ind2=" ">
			<subfield code="a">New York :</subfield>
			<subfield code="b">Ballantine Books,</subfield>
			<subfield code="c">1993.</subfield>
		</datafield>
		<datafield tag="300" ind1=" " ind2=" ">
			<subfield code="a">xi, 321 p. ;</subfield>
			<subfield code="c">21 cm.</subfield>
		</datafield>
		<datafield tag="440" ind1=" " ind2="0">
			<subfield code="a">Long life book</subfield>
		</datafield>
		<datafield tag="500" ind1=" " ind2=" ">
			<subfield code="a">"Second revised edition"--T.p. verso.</subfield>
		</datafield>
		<datafield tag="504" ind1=" " ind2=" ">
			<subfield code="a">Includes bibliographical references (p. 297-302) and index.</subfield>
		</datafield>
		<datafield tag="650" ind1=" " ind2="0">
			<subfield code="a">Sex instruction for older people.</subfield>
		</datafield>
		<datafield tag="650" ind1=" " ind2="0">
			<subfield code="a">Older people</subfield>
			<subfield code="x">Sexual behavior.</subfield>
		</datafield>
		<datafield tag="650" ind1=" " ind2="0">
			<subfield code="a">Love in old age.</subfield>
		</datafield>
		<datafield tag="700" ind1="1" ind2=" ">
			<subfield code="a">Lewis, Myrna I.</subfield>
		</datafield>
		<datafield tag="740" ind1="0" ind2=" ">
			<subfield code="a">Love and sex after sixty.</subfield>
		</datafield>
		<datafield tag="949" ind1=" " ind2=" ">
			<subfield code="a">TTI</subfield>
			<subfield code="c">HQ55</subfield>
			<subfield code="d">.B87 1993</subfield>
			<subfield code="g">30407100121624</subfield>
			<subfield code="p">11.50</subfield>
		</datafield>
	</record>