
	<record>
		<leader>14260nam a2200313 a 4500</leader>
		<controlfield tag="001">991000001869704574</controlfield>
		<controlfield tag="005">20180315134347.0</controlfield>
		<controlfield tag="008">931123s1993    txu           001 0 eng  </controlfield>
		<datafield tag="010" ind1=" " ind2=" ">
			<subfield code="a">   92081850 </subfield>
		</datafield>
		<datafield tag="020" ind1=" " ind2=" ">
			<subfield code="a">0155510703</subfield>
		</datafield>
		<datafield tag="035" ind1=" " ind2=" ">
			<subfield code="a">(TT@)186-01gali_srtc</subfield>
		</datafield>
		<datafield tag="035" ind1=" " ind2=" ">
			<subfield code="a">(DLC)92081850</subfield>
			<subfield code="9">ExL</subfield>
		</datafield>
		<datafield tag="039" ind1=" " ind2=" ">
			<subfield code="a">186</subfield>
		</datafield>
		<datafield tag="040" ind1=" " ind2=" ">
			<subfield code="a">DLC</subfield>
			<subfield code="c">DLC</subfield>
		</datafield>
		<datafield tag="050" ind1="0" ind2="0">
			<subfield code="a">PN6014</subfield>
			<subfield code="b">.P4 1993</subfield>
		</datafield>
		<datafield tag="082" ind1="0" ind2="0">
			<subfield code="a">808</subfield>
			<subfield code="2">20</subfield>
		</datafield>
		<datafield tag="100" ind1="1" ind2=" ">
			<subfield code="a">Perrine, Laurence.</subfield>
		</datafield>
		<datafield tag="245" ind1="1" ind2="0">
			<subfield code="a">Literature :</subfield>
			<subfield code="b">structure, sound, and sense /</subfield>
			<subfield code="c">Laurence Perrine, Thomas R. Arp.</subfield>
		</datafield>
		<datafield tag="250" ind1=" " ind2=" ">
			<subfield code="a">6th ed.</subfield>
		</datafield>
		<datafield tag="260" ind1=" " ind2=" ">
			<subfield code="a">Fort Worth :</subfield>
			<subfield code="b">Harcourt Brace Jovanovich College Publishers,</subfield>
			<subfield code="c">c1993.</subfield>
		</datafield>
		<datafield tag="300" ind1=" " ind2=" ">
			<subfield code="a">xxvi, 1444 p. ;</subfield>
			<subfield code="c">22 cm.</subfield>
		</datafield>
		<datafield tag="500" ind1=" " ind2=" ">
			<subfield code="a">Includes index.</subfield>
		</datafield>
		<datafield tag="505" ind1="0" ind2=" ">
			<subfield code="a">Richard Connell / The Most Dangerous Game -- Thomas Wolfe / The Child by Tiger -- Graham Greene / The Destructors -- Alice Munro / Prue -- Sherwood Anderson / I'm a Fool -- Alice Walker / Everyday Use -- Katherine Mansfield / Miss Brill -- Isaac Bashevis Singer / The Son from America -- Neil Bissoondath / There Are a Lot of Ways to Die -- Philip Roth / Defender of the Faith -- Willa Cather / Paul's Case -- Margaret Atwood / Rape Fantasies -- Ernest Hemingway / Hills Like White Elephants -- Ernest J. Gaines / Just Like a Tree -- Albert Camus / The Guest -- Flannery O'Connor / Greenleaf -- Anton Chekhov / Gooseberries -- McKnight Malmar / The Storm -- Nadine Gordimer / Once Upon a Time -- James Thurber / The Catbird Seat -- Frank O'Connor / The Drunkard -- Truman Capote / A Christmas Memory -- Benjamin Capps / The Night Old Santa Claus Came -- D. H. Lawrence / The Rocking-Horse Winner -- Nathaniel Hawthorne / Young Goodman Brown -- O. Henry / A Municipal Report -- Susan Glaspell / A Jury of Her Peers -- William Faulkner / Spotted Horses -- Mule in the Yard -- Alice Adams / Fog -- Raymond Carver / The Bridle -- John Cheever / The Swimmer -- Stephen Crane / The Bridge Comes to Yellow Sky -- Louise Erdrich / A Wedge of Shade -- Richard Ford / Great Falls -- Shirley Jackson / The Lottery -- James Joyce / Eveline -- Walter McDonald / The Track -- Bobbie Ann Mason / Wish -- Herman Melville / Bartleby the Scrivener -- Edgar Allan Poe / The Cask of Amontillado -- Katherine Ann Porter / The Jilting of Granny Weatherall -- Jean Rhys / Pioneers, Oh, Pioneers -- Leslie Marmon Silko / Private Property -- Eudora Welty / A Worn Path -- Tobias Wolff / Say Yes -- Alfred, Lord Tennyson / The Eagle -- William Shakespeare / Winter -- Wilfred Owen / Dulce et Decorum Est -- William Shakespeare / Spring -- Robert Hayden / The Whipping -- John Donne / The Computation -- Anonymous / The Two Ravens (The Twa Corbies) -- Dudley Randall / Ballad of Birmingham -- William Carlos Williams / The Red Wheelbarrow -- A. E. Housman / Terence, this is stupid stuff -- Archibald MacLeish / Ars Poetica -- Thomas Hardy / The Man He Killed -- Philip Larkin / A Study of Reading Habits -- A. E. Housman / Is my team plowing -- John Donne / Break of Day -- Emily Dickinson / There's been a death in the opposite house -- Mari Evans / When in Rome -- Edwin Arlington Robinson / The Mill -- Sylvia Plath / Mirror -- William Wordsworth / I wandered lonely as a cloud -- The Solitary Reaper -- Emily Dickinson / There is no frigate like a book -- William Shakespeare / When my love swears that she is made of truth -- Robert Graves / The Naked and the Nude -- Edwin Arlington Robinson / The Sheaves -- Henry Reed / Naming of Parts -- Ellen Kay / Pathedy of Manners -- Langston Hughes / Cross -- William Wordsworth / The world is too much with us -- John Donne / A Hymn to God the Father -- Siegfried Sassoon / Base Details -- Robert Browning / Meeting at Night -- Parting at Morning -- Richard Wilbur / A Late Aubade -- Robert Frost / After Apple-Picking -- Emily Dickinson / A narrow fellow in the grass -- Adrienne Rich / Living in Sin -- Robert Hayden / Those Winter Sundays -- William Carlos Williams / The Widow's Lament in Springtime -- Gerard Manley Hopkins / Spring -- John Keats / To Autumn -- Frances Cornford / The Guitarist Tunes Up -- Robert Francis / The Hound -- Robert Frost / Bereft -- Emily Dickinson / It sifts from leaden sieves -- Anonymous / Joy and Temperance -- Western Wind -- Richard Wilbur / Mind -- Emily Dickinson / I felt a funeral in my brain -- Sylvia Plath / Metaphors -- Philip Larkin / Toads -- John Donne / A Valediction: Forbidding Mourning -- Andrew Marvell / To His Coy Mistress -- Edmund Waller / Song: Go, lovely rose! -- Isabella Gardner / In the Museum -- A. E. Housman / Loveliest of Trees -- Donald Hall / Names of Horses -- Langston Hughes / Dream Deferred -- Robert Frost / The Road Not Taken -- Walt Whitman / A Noiseless Patient Spider -- William Blake / The Sick Rose -- Archibald MacLeish / You, Andrew Marvell -- Robert Herrick / To the Virgins, to Make Much of Time -- George Herbert / Peace -- Robert Frost / Fire and Ice -- John Masefield / Sea-Fever -- Alfred, Lord Tennyson / Ulysses -- Alastair Reid / Curiosity -- Carter Revard / Discovery of the New World  </subfield>
		</datafield>
		<datafield tag="505" ind1="0" ind2=" ">
			<subfield code="a">John Donne / Hymn to God My God, in My Sickness -- Emily Dickinson / Our journey had advanced -- Robert Frost / Dust of Snow -- William Blake / Soft Snow -- Emily Dickinson / Much madness is divinest sense -- John Donne / The Sun Rising -- Countee Cullen / Incident -- Phyllis McGinley / The Adversary -- William Blake / The Chimney Sweeper -- Percy Bysshe Shelley / Ozymandias -- John Donne / Batter my heart, three-personed God -- Elisavietta Ritchie / Sorting Laundry -- Philip Schultz / I'm Not Complaining -- W. H. Auden / The Unknown Citizen -- Robert Frost / Departmental -- Randall Jarrell / The State -- M. Carl Holman / Mr. Z -- Sterling A. Brown / Southern Cop -- Sir John Harington / On Treason -- John Hall Wheelock / Earth -- Robert Browning / My Last Duchess -- Robert Frost / "Out, Out -" -- William Shakespeare / From Macbeth: She should have died hereafter -- John Milton / On His Blindness -- John Donne / Hero and Leander -- Edwin Arlington Robinson / Miniver Cheevy -- William Butler Yeats / Leda and the Swan -- R. S. Gwynn / Snow White and the Seven Deadly Sins -- Emily Dickinson / An altered look about the hills -- Abraham to kill him -- Anonymous / In the Garden -- Little Jack Horner -- Sara Teasdale / Barter -- Robert Frost / Stopping by Woods on a Snowy Evening -- William Cullen Bryant / To a Waterfowl -- Robert Frost / Design -- John Donne / The Indifferent -- Love's Deity -- Dudley Randall / To the Mercy Killers -- Edwin Arlington Robinson / How Annandale Went Out -- Emily Dickinson / Alter! When the hills do -- We outgrow love -- Gerard Manley Hopkins / The Caged Skylark -- A. E. Housman / The Immortal Part -- Andrew Marvell / A Dialogue between the Soul and Body -- Richard Eberhart / For a Lamb -- Emily Dickinson / Apparently with no surprise -- William Butler Yeats / The Coming of Wisdom with Time -- Michael Drayton / Since there's no help -- Emily Dickinson / One dignity delays for all -- 'Twas warm at first like us -- Alfred, Lord Tennyson / Crossing the Bar -- Thomas Hardy / The Oxen -- John Donne / The Apparition -- The Flea -- Matthew Arnold / Dover Beach -- Philip Larkin / Church Going -- Rupert Brooke / The Dead -- Wallace Stevens / The Death of a Soldier -- Alexander Pope / Engraved on the Collar of a Dog Which I Gave to His Royal Highness -- Anonymous / Love -- Ogden Nash / The Turtle -- W. H. Auden / That night when joy began -- Gerard Manley Hopkins / God's Grandeur -- Gwendolyn Brooks / We Real Cool -- Dudley Randall / Blackberry Sweet -- Edna St. Vincent Millay / Counting-Out Rhyme -- Emily Dickinson / As imperceptibly as grief -- John Crowe Ransom / Parting, without a Sequel -- Ted Hughes / Thistles -- Barton Sutter / Shoe Shop -- William Stafford / Traveling through the dark -- Robert Frost / Nothing Gold Can Stay -- George Herbert / Virtue -- William Blake / "Introduction" to Songs of Innocence -- Robert Frost / It takes all sorts -- A. E. Housman / Epitaph on an Army of Mercenaries -- e. e. cummings / if everything happens that can't be done -- A. E. Housman / Oh who is that young sinner -- William Butler Yeats / Down by the Salley Gardens -- Walt Whitman / Had I the Choice -- Robert Frost / The Aim Was Song -- Marianne Moore / Nevertheless -- Alfred, Lord Tennyson / Break, break, break -- Anonymous / Pease porridge hot -- William Shakespeare / Song: Come unto these yellow sands -- Carl Sandburg / Splinter -- Robert Herrick / Upon Julia's Voice -- Robert Frost / The Span of Life -- Alexander Pope / Sound and Sense -- Emily Dickinson / I like to see it lap the miles -- Gerard Manley Hopkins / Heaven-Haven -- Wilfred Owen / Anthem for Doomed Youth -- A. E. Housman / Eight O'Clock -- Janet Lewis / Remembered Morning -- Maxine Kumin / The Sound of Night -- Emily Dickinson / I heard a fly buzz when I died -- Herman Melville / The Bench of Boors -- William Carlos Williams / The Dance -- e. e. cummings / the greedy the people -- Anonymous / I sat next the Duchess at tea -- John Keats / On First Looking into Chapman's Homer -- William Shakespeare / That time of year -- Anonymous and others / A Handful of Limericks -- Matsuo Bash?/Moritake / Two Japanese Haiku -- Dylan Thomas / Poem in October </subfield>
		</datafield>
		<datafield tag="505" ind1="0" ind2=" ">
			<subfield code="a">William Shakespeare / From Romeo and Juliet: If I profane with my unworthiest hand -- John Donne / Death, be not proud -- Linda Pastan / The Imperfect Paradise -- Robert Frost / Acquainted with the Night -- Martha Collins / The Story We Know -- Anonymous / Edward -- William Burford / A Christmas Tree -- Matthew Arnold / Pied Beauty -- William Blake / A Poison Tree -- Unknown Author / God's Will for You and Me -- If you were coming in the fall -- The Want of You -- The Most Vital Thing in Life -- Longing -- To Marguerite -- The Long Voyage -- Breathes there the man -- Happiness Makes Up in Height for What It Lacks in Length -- A Day -- Little Boy Blue -- The Toys -- Loitering with a vacant eye -- Be Strong -- John Donne / The Canonization -- Robert Frost / Home Burial -- T. S. Eliot / The Love Song of J. Alfred Prufrock -- Wallace Stevens / Sunday Morning -- W. H. Auden / Musě des Beaux Arts -- D. C. Berry / On Reading Poems to a Senior Class at South High -- Elizabeth Bishop / One Art -- William Blake / Eternity -- The Lamb -- The Tiger -- Philip Booth / Stefansson Island -- Elizabeth Barrett Browning / If thou must love me -- Lucille Clifton / Good Times -- Elizabeth Coatsworth / Song of the Rabbits outside the Tavern -- Samuel Taylor Coleridge / Kubla Khan -- Walter de la Mare / The Listeners -- James Dickey / The Lifeguard -- Emily Dickinson / Because I could not stop for Death -- I taste a liquor never brewed -- There's a certain slant of light -- John Donne / The Good-Morrow -- The Triple Fool -- Song: Go and catch a falling star -- Keith Douglas / Vergissmeinnicht -- Gavin Ewart / Ending -- Lawrence Ferlinghetti / Constantly risking absurdity -- Carolyn Forch ̌/ The Colonel -- Robert Frost / Birches -- Desert Places -- Mending Wall -- Never Again Would Birds' Song Be the Same -- Christopher Gilbert / Pushing -- Barnabe Googe / Of Money -- Thomas Hardy / Channel Firing -- The Darkling Thrush -- George Herbert / Redemption -- William Heyen / Riddle -- A. E. Housman / Bredon Hill -- To an Athlete Dying Young -- Richard Hugo / The Freaks at Spurgin Road Field -- Randall Jarrell / The Death of the Ball Turret Gunner -- Ben Jonson / Song: To Celia -- John Keats / La Belle Dame Sans Merci -- Ode on a Grecian Urn -- Ode to a Nightingale -- Galway Kinnell / Blackberry Eating -- Etheridge Knight / The warden said to me -- Philip Larkin / Aubade -- Philip Levine / The Fox -- Robert Lowell / Watchmaker God -- George MacBeth / Bedtime Story -- Katharyn Howd Machan / Leda's Sister and the Geese -- Naomi Long Madgett / Offspring -- Cleopatra Mathis / Getting Out -- Phyllis McGinley / Trinity Place -- Alice Meynell / Summer in Englad -- Josephine Miles / Oedipus -- Marianne Moore / What Are Years? -- Howard Nemerov / The Amateurs of Heaven -- Grace to Be Said at the Supermarket -- Sharon Olds / The Victims -- Mary Oliver / Through Ruddy Orchards -- Simon J. Ortiz / Speaking -- Grace Paley / The Sad Children's Song -- Linda Pastan / The Hat Lady -- Slyvia Plath / Spinster -- Sir Walter Ralegh / What is our life? -- John Crowe Ransom / Bells for John Whiteside's Daughter -- Ishmael Reed / Turning Pro -- Alberto Ro̕s / Nani -- Edwin Arlington Robinson / Mr. Flood's Party -- Richard Cory -- Theodore Roethke / I knew a woman -- William Shakespeare / Fear no more -- Let me not to the marriage of true minds -- My mistress' eyes -- Karl Shapiro / The Fly -- Robert B. Shaw / Shut In -- W. D. Snodgrass / Powwow -- Gary Soto / Small Town with One Road -- Alicia Ann Spottiswood ("Lady John Scott") / Ettrick -- Ann Stanford / The Beating -- Maura Stanton / Comfort -- Will D. Stanton / Dandelions -- Wallace Stevens / Disillusionment of Ten O'Clock -- The Poems of Our Climate -- The Snow Man -- May Swenson / On Its Way -- Jonathan Swift / A Description of the Morning -- Alfred, Lord Tennyson / From In Memoriam A. H. H., Dark house, by which once more I stand -- From In Memoriam A. H. H., The time draws near the birth of Christ -- Dylan Thomas / Do Not Go Gentle into That Good Night -- Fern Hill -- Jean Toomer / Reapers -- Derek Walcott / The Virgins -- C. Webster Wheelock / Divorcě -- Walt Whitman / When I Heard the Learn'd Astronomer -- Richard Wilbur / The Writer -- William Carlos Williams / Poem: As the cat -- The Waken an Old Lady -- Susan Wood / Eggs -- Judith Wright / Portrait -- William Butler Yeats / Sailing to Byzantium -- The Second Coming -- The Wild Swans at Coole -- Susan Glaspell / Trifles -- August Strindberg / The Stronger -- Samuel Beckett / Krapp's Last Tape -- Henrik Ibsen / A Doll House -- Tennessee Williams / The Glass Menagerie -- Edward Albee / The Sandbox -- Sophocles / Oedipus Rex -- William Shakespeare / Othello, the Moor of Venice -- Molir̈e / Tartuffe, or The Imposter -- Anton Chekhov / The Cherry Orchard -- Arthur Miller / Death of a Salesman -- August Wilson / Fences</subfield>
		</datafield>
		<datafield tag="590" ind1=" " ind2=" ">
			<subfield code="a">Gift</subfield>
			<subfield code="b">$25.00</subfield>
			<subfield code="c">11.30.2015</subfield>
		</datafield>
		<datafield tag="650" ind1=" " ind2="0">
			<subfield code="a">Literature</subfield>
			<subfield code="v">Collections.</subfield>
		</datafield>
		<datafield tag="700" ind1="1" ind2="0">
			<subfield code="a">Arp, Thomas R.</subfield>
		</datafield>
		<datafield tag="949" ind1=" " ind2=" ">
			<subfield code="a">MLTC</subfield>
			<subfield code="c">PN6014</subfield>
			<subfield code="d">.P4 1993</subfield>
			<subfield code="g">27000000020417</subfield>
			<subfield code="p">25.00</subfield>
		</datafield>
		<datafield tag="949" ind1="1" ind2=" ">
			<subfield code="a">TTIRE</subfield>
			<subfield code="c">PN6014</subfield>
			<subfield code="d">.P4 1993</subfield>
			<subfield code="d">.P4 1993</subfield>
		</datafield>
	</record>