
	<record>
		<leader>00290nam a2200121uu 4500</leader>
		<controlfield tag="001">991000004309704574</controlfield>
		<controlfield tag="005">20071004085229.0</controlfield>
		<controlfield tag="008">071004s1995     xx ||||||||||||||||eng d</controlfield>
		<datafield tag="020" ind1=" " ind2=" ">
			<subfield code="a">1556114516</subfield>
		</datafield>
		<datafield tag="035" ind1=" " ind2=" ">
			<subfield code="a">(TT@)430-01gali_srtc</subfield>
		</datafield>
		<datafield tag="035" ind1=" " ind2=" ">
			<subfield code="a">otf00004503</subfield>
			<subfield code="9">ExL</subfield>
		</datafield>
		<datafield tag="039" ind1=" " ind2=" ">
			<subfield code="a">430</subfield>
		</datafield>
		<datafield tag="100" ind1="1" ind2=" ">
			<subfield code="a">Scott, Angelica.</subfield>
		</datafield>
		<datafield tag="245" ind1="1" ind2="0">
			<subfield code="a">For love of sarah</subfield>
		</datafield>
		<datafield tag="949" ind1="1" ind2=" ">
			<subfield code="a">MLTP</subfield>
			<subfield code="g">30858100052211</subfield>
			<subfield code="p">$1.00</subfield>
		</datafield>
	</record>