
	<record>
		<leader>00285nam a2200121uu 4500</leader>
		<controlfield tag="001">991000010829704574</controlfield>
		<controlfield tag="005">20070908110952.0</controlfield>
		<controlfield tag="008">070908s1994     xx ||||||||||||||||eng d</controlfield>
		<datafield tag="020" ind1=" " ind2=" ">
			<subfield code="a">0821753002</subfield>
		</datafield>
		<datafield tag="035" ind1=" " ind2=" ">
			<subfield code="a">(TT@)1082-01gali_srtc</subfield>
		</datafield>
		<datafield tag="035" ind1=" " ind2=" ">
			<subfield code="a">otf00003808</subfield>
			<subfield code="9">ExL</subfield>
		</datafield>
		<datafield tag="039" ind1=" " ind2=" ">
			<subfield code="a">1082</subfield>
		</datafield>
		<datafield tag="100" ind1="1" ind2=" ">
			<subfield code="a">Finch, Carol.</subfield>
		</datafield>
		<datafield tag="245" ind1="1" ind2="2">
			<subfield code="a">A bid for love</subfield>
		</datafield>
		<datafield tag="949" ind1="1" ind2=" ">
			<subfield code="a">MLTP</subfield>
			<subfield code="g">30858100041529</subfield>
			<subfield code="p">$3.00</subfield>
		</datafield>
	</record>