
	<record>
		<leader>01169cam a2200313 a 4500</leader>
		<controlfield tag="001">991000014489704574</controlfield>
		<controlfield tag="005">20150706161616.0</controlfield>
		<controlfield tag="008">980526r19921900nyu      b    000 1 eng d</controlfield>
		<datafield tag="010" ind1=" " ind2=" ">
			<subfield code="a">bl 98005444 </subfield>
		</datafield>
		<datafield tag="020" ind1=" " ind2=" ">
			<subfield code="a">0553213741 (pbk.)</subfield>
		</datafield>
		<datafield tag="035" ind1=" " ind2=" ">
			<subfield code="a">(TT@)1448-01gali_srtc</subfield>
		</datafield>
		<datafield tag="035" ind1=" " ind2=" ">
			<subfield code="a">(AU)bl 98005444</subfield>
			<subfield code="9">ExL</subfield>
		</datafield>
		<datafield tag="039" ind1=" " ind2=" ">
			<subfield code="a">1448</subfield>
		</datafield>
		<datafield tag="040" ind1=" " ind2=" ">
			<subfield code="a">NjSoBT</subfield>
			<subfield code="c">NjSoBT</subfield>
		</datafield>
		<datafield tag="050" ind1="1" ind2="4">
			<subfield code="a">PS3507.R55</subfield>
			<subfield code="b">S5 1992</subfield>
		</datafield>
		<datafield tag="082" ind1="0" ind2="4">
			<subfield code="a">813/.52</subfield>
			<subfield code="2">21</subfield>
		</datafield>
		<datafield tag="082" ind1="1" ind2="4">
			<subfield code="a">FIC</subfield>
			<subfield code="2">13</subfield>
		</datafield>
		<datafield tag="100" ind1="1" ind2=" ">
			<subfield code="a">Dreiser, Theodore,</subfield>
			<subfield code="d">1871-1945.</subfield>
		</datafield>
		<datafield tag="245" ind1="1" ind2="0">
			<subfield code="a">Sister Carrie /</subfield>
			<subfield code="c">by Theodore Dreiser ; with an introduction by E.L. Doctorow.</subfield>
		</datafield>
		<datafield tag="260" ind1=" " ind2=" ">
			<subfield code="a">New York :</subfield>
			<subfield code="b">Bantam Books,</subfield>
			<subfield code="c">[1992].</subfield>
		</datafield>
		<datafield tag="300" ind1=" " ind2=" ">
			<subfield code="a">x, 409 p. ;</subfield>
			<subfield code="c">18 cm.</subfield>
		</datafield>
		<datafield tag="490" ind1="0" ind2=" ">
			<subfield code="a">A Bantam classic.</subfield>
		</datafield>
		<datafield tag="500" ind1=" " ind2=" ">
			<subfield code="a">"First published in 1900"--T.p. verso.</subfield>
		</datafield>
		<datafield tag="504" ind1=" " ind2=" ">
			<subfield code="a">Includes bibliographical references (p. 401-403).</subfield>
		</datafield>
		<datafield tag="520" ind1=" " ind2=" ">
			<subfield code="a">Young Caroline Meeber leaves home for the first time and experiences work, love, and the pleasures and responsibilities of independence in late nineteenth-century Chicago and New York</subfield>
		</datafield>
		<datafield tag="590" ind1=" " ind2=" ">
			<subfield code="a">Gift</subfield>
			<subfield code="b">10.00</subfield>
			<subfield code="c">3/24/14</subfield>
		</datafield>
		<datafield tag="650" ind1=" " ind2="0">
			<subfield code="a">English.</subfield>
		</datafield>
		<datafield tag="650" ind1=" " ind2="0">
			<subfield code="a">Mistresses</subfield>
			<subfield code="z">United States</subfield>
			<subfield code="x">Fiction.</subfield>
		</datafield>
		<datafield tag="650" ind1=" " ind2="0">
			<subfield code="a">Young women</subfield>
			<subfield code="z">Illinois</subfield>
			<subfield code="z">Chicago</subfield>
			<subfield code="x">Fiction.</subfield>
		</datafield>
		<datafield tag="949" ind1=" " ind2=" ">
			<subfield code="a">TTI</subfield>
			<subfield code="c">PS3507.R55</subfield>
			<subfield code="d">S5 1992</subfield>
			<subfield code="g">30407100498758</subfield>
			<subfield code="p">10.00</subfield>
		</datafield>
	</record>