
	<record>
		<leader>01637nam a2200397 a 4500</leader>
		<controlfield tag="001">991000027049704574</controlfield>
		<controlfield tag="005">20001006163747.0</controlfield>
		<controlfield tag="006">m        u        </controlfield>
		<controlfield tag="007">cr cn|||||||||</controlfield>
		<controlfield tag="008">001006s1990    inua    sb   s001 0 eng d</controlfield>
		<datafield tag="010" ind1=" " ind2=" ">
			<subfield code="z">89045412</subfield>
		</datafield>
		<datafield tag="020" ind1=" " ind2=" ">
			<subfield code="a">0585001308 (electronic bk.) :</subfield>
			<subfield code="c">$11.95</subfield>
		</datafield>
		<datafield tag="020" ind1=" " ind2=" ">
			<subfield code="z">0253331498 (alk. paper)</subfield>
		</datafield>
		<datafield tag="035" ind1=" " ind2=" ">
			<subfield code="a">(TT@)2704-01gali_srtc</subfield>
		</datafield>
		<datafield tag="035" ind1=" " ind2=" ">
			<subfield code="a">nL554</subfield>
			<subfield code="9">ExL</subfield>
		</datafield>
		<datafield tag="035" ind1=" " ind2=" ">
			<subfield code="a">554</subfield>
			<subfield code="b">(N$T)</subfield>
		</datafield>
		<datafield tag="039" ind1=" " ind2=" ">
			<subfield code="a">2704</subfield>
		</datafield>
		<datafield tag="040" ind1=" " ind2=" ">
			<subfield code="a">N$T</subfield>
			<subfield code="c">N$T</subfield>
		</datafield>
		<datafield tag="043" ind1=" " ind2=" ">
			<subfield code="a">e------</subfield>
		</datafield>
		<datafield tag="050" ind1="1" ind2="4">
			<subfield code="a">PN1181</subfield>
			<subfield code="b">.J66 1990eb</subfield>
		</datafield>
		<datafield tag="082" ind1="0" ind2="4">
			<subfield code="a">809.1/4099287</subfield>
			<subfield code="2">20</subfield>
		</datafield>
		<datafield tag="100" ind1="1" ind2=" ">
			<subfield code="a">Jones, Ann Rosalind.</subfield>
		</datafield>
		<datafield tag="245" ind1="1" ind2="4">
			<subfield code="a">The currency of Eros</subfield>
			<subfield code="h">[computer file] :</subfield>
			<subfield code="b">women's love lyric in Europe, 1540-1620 /</subfield>
			<subfield code="c">Ann Rosalind Jones.</subfield>
		</datafield>
		<datafield tag="260" ind1=" " ind2=" ">
			<subfield code="a">Bloomington :</subfield>
			<subfield code="b">Indiana University Press,</subfield>
			<subfield code="c">c1990.</subfield>
		</datafield>
		<datafield tag="300" ind1=" " ind2=" ">
			<subfield code="a">xi, 242 p. :</subfield>
			<subfield code="b">ill. ;</subfield>
			<subfield code="c">25 cm.</subfield>
		</datafield>
		<datafield tag="490" ind1="1" ind2=" ">
			<subfield code="a">Women of letters</subfield>
		</datafield>
		<datafield tag="504" ind1=" " ind2=" ">
			<subfield code="a">Includes bibliographical references (p. 221-232) and index.</subfield>
		</datafield>
		<datafield tag="533" ind1=" " ind2=" ">
			<subfield code="a">Electronic reproduction.</subfield>
			<subfield code="b">Boulder, Colo. :</subfield>
			<subfield code="c">NetLibrary,</subfield>
			<subfield code="d">1999.</subfield>
			<subfield code="n">Available via World Wide Web.</subfield>
			<subfield code="n">Access may be limited to NetLibrary affiliated libraries.</subfield>
		</datafield>
		<datafield tag="650" ind1=" " ind2="0">
			<subfield code="a">Love poetry, European</subfield>
			<subfield code="x">History and criticism.</subfield>
		</datafield>
		<datafield tag="650" ind1=" " ind2="0">
			<subfield code="a">European literature</subfield>
			<subfield code="x">Women authors</subfield>
			<subfield code="x">History and criticism.</subfield>
		</datafield>
		<datafield tag="650" ind1=" " ind2="0">
			<subfield code="a">European literature</subfield>
			<subfield code="y">Renaissance, 1450-1600</subfield>
			<subfield code="x">History and criticism.</subfield>
		</datafield>
		<datafield tag="650" ind1=" " ind2="0">
			<subfield code="a">Women in literature.</subfield>
		</datafield>
		<datafield tag="650" ind1=" " ind2="0">
			<subfield code="a">Sex role in literature.</subfield>
		</datafield>
		<datafield tag="655" ind1=" " ind2="7">
			<subfield code="a">Electronic books.</subfield>
			<subfield code="2">local</subfield>
		</datafield>
		<datafield tag="710" ind1="2" ind2=" ">
			<subfield code="a">NetLibrary, Inc.</subfield>
		</datafield>
		<datafield tag="776" ind1="0" ind2=" ">
			<subfield code="c">Original</subfield>
			<subfield code="w">(DLC) 89045412</subfield>
		</datafield>
		<datafield tag="830" ind1=" " ind2="0">
			<subfield code="a">Women of letters (Bloomington, Ind.)</subfield>
		</datafield>
		<datafield tag="856" ind1="4" ind2=" ">
			<subfield code="3">Bibliographic record display:</subfield>
			<subfield code="u">http://purl.galileo.usg.edu/gdir?code=zmnl&amp;id=554</subfield>
			<subfield code="z">An electronic book accessible through GALILEO; click here</subfield>
		</datafield>
	</record>