
	<record>
		<leader>01221cam a2200277_a 4500</leader>
		<controlfield tag="001">991000099489704574</controlfield>
		<controlfield tag="005">20160804134002.0</controlfield>
		<controlfield tag="008">990503s1995    cou           00011 eng d</controlfield>
		<datafield tag="020" ind1=" " ind2=" ">
			<subfield code="a">074592803X</subfield>
		</datafield>
		<datafield tag="035" ind1=" " ind2=" ">
			<subfield code="a">(TT@)9948-01gali_srtc</subfield>
		</datafield>
		<datafield tag="035" ind1=" " ind2=" ">
			<subfield code="a">mcs00000914</subfield>
			<subfield code="9">ExL</subfield>
		</datafield>
		<datafield tag="039" ind1=" " ind2=" ">
			<subfield code="a">9948</subfield>
		</datafield>
		<datafield tag="043" ind1=" " ind2=" ">
			<subfield code="a">n-us---</subfield>
		</datafield>
		<datafield tag="050" ind1="0" ind2="0">
			<subfield code="a">PS3561.A678</subfield>
			<subfield code="b">L54</subfield>
		</datafield>
		<datafield tag="082" ind1="0" ind2="0">
			<subfield code="a">813/.54</subfield>
			<subfield code="2">20</subfield>
		</datafield>
		<datafield tag="092" ind1=" " ind2=" ">
			<subfield code="a">Fic Kar</subfield>
		</datafield>
		<datafield tag="100" ind1="1" ind2=" ">
			<subfield code="a">Karon, Jan,</subfield>
			<subfield code="d">1937-</subfield>
		</datafield>
		<datafield tag="245" ind1="1" ind2="2">
			<subfield code="a">A light in the window /</subfield>
			<subfield code="c">Jan Karon.</subfield>
		</datafield>
		<datafield tag="260" ind1=" " ind2=" ">
			<subfield code="a">Colorado Springs, CO :</subfield>
			<subfield code="b">Lion Publishing,</subfield>
			<subfield code="c">1995.</subfield>
		</datafield>
		<datafield tag="300" ind1=" " ind2=" ">
			<subfield code="a">413 p. ;</subfield>
			<subfield code="c">22 cm.</subfield>
		</datafield>
		<datafield tag="490" ind1="1" ind2=" ">
			<subfield code="a">Mitford years ;</subfield>
			<subfield code="v">2.</subfield>
		</datafield>
		<datafield tag="520" ind1=" " ind2=" ">
			<subfield code="a">Mitford's village rector, Father Tim, is runing scared.  He can no longer deny to himself that he is in love with his neighbor Cynthia Coppersmith.  She sees him as a man of warmth and daring--if only he'll meet her halfway.  But now a wealthy widow is pursuing Father Tim with hot casseroles, and Cousin Meg has moved into the rectory uninvited--and who is she, anyway?</subfield>
		</datafield>
		<datafield tag="650" ind1=" " ind2="0">
			<subfield code="a">City and town life</subfield>
			<subfield code="z">United States</subfield>
			<subfield code="x">Fiction.</subfield>
		</datafield>
		<datafield tag="650" ind1=" " ind2="0">
			<subfield code="a">Christian fiction.</subfield>
		</datafield>
		<datafield tag="650" ind1=" " ind2="0">
			<subfield code="a">Domestic fiction.</subfield>
		</datafield>
		<datafield tag="800" ind1="1" ind2=" ">
			<subfield code="a">Karon, Jan,</subfield>
			<subfield code="d">1937-</subfield>
			<subfield code="t">Mitford years ;</subfield>
			<subfield code="v">2.</subfield>
		</datafield>
		<datafield tag="949" ind1="1" ind2=" ">
			<subfield code="a">MLTC</subfield>
			<subfield code="c">PS3561.A678</subfield>
			<subfield code="d">L54 1995</subfield>
			<subfield code="g">30858100043889</subfield>
			<subfield code="p">10.00</subfield>
		</datafield>
		<datafield tag="949" ind1="1" ind2=" ">
			<subfield code="a">MLTC</subfield>
			<subfield code="c">PS3561.A678</subfield>
			<subfield code="d">L54 1995 c. 2</subfield>
			<subfield code="g">30858100043897</subfield>
			<subfield code="p">10.00</subfield>
		</datafield>
	</record>