
	<record>
		<leader>04372cam a2200265   4500</leader>
		<controlfield tag="001">991000106879704574</controlfield>
		<controlfield tag="005">20150706104820.0</controlfield>
		<controlfield tag="008">740719s1975    nyua     b    00010 eng  </controlfield>
		<datafield tag="010" ind1=" " ind2=" ">
			<subfield code="a">   74013863 //r94</subfield>
		</datafield>
		<datafield tag="020" ind1=" " ind2=" ">
			<subfield code="a">0684138484</subfield>
		</datafield>
		<datafield tag="035" ind1=" " ind2=" ">
			<subfield code="a">(TT@)10687-01gali_srtc</subfield>
		</datafield>
		<datafield tag="035" ind1=" " ind2=" ">
			<subfield code="a">74013863 //r94</subfield>
			<subfield code="9">ExL</subfield>
		</datafield>
		<datafield tag="039" ind1=" " ind2=" ">
			<subfield code="a">10687</subfield>
		</datafield>
		<datafield tag="040" ind1=" " ind2=" ">
			<subfield code="a">DLC</subfield>
			<subfield code="c">DLC</subfield>
			<subfield code="d">DLC</subfield>
		</datafield>
		<datafield tag="050" ind1="0" ind2="0">
			<subfield code="a">PS507</subfield>
			<subfield code="b">.B8</subfield>
		</datafield>
		<datafield tag="100" ind1="1" ind2="0">
			<subfield code="a">Brown, Douglas Charles,</subfield>
			<subfield code="d">1936-</subfield>
			<subfield code="e">comp.</subfield>
		</datafield>
		<datafield tag="245" ind1="1" ind2="4">
			<subfield code="a">The enduring legacy: biblical dimensions in modern literature.</subfield>
			<subfield code="c">Edited by Douglas C. Brown.</subfield>
		</datafield>
		<datafield tag="260" ind1="0" ind2=" ">
			<subfield code="a">New York,</subfield>
			<subfield code="b">Scribner</subfield>
			<subfield code="c">[1975]</subfield>
		</datafield>
		<datafield tag="300" ind1=" " ind2=" ">
			<subfield code="a">xvii, 389 p.</subfield>
			<subfield code="b">illus.</subfield>
			<subfield code="c">23 cm.</subfield>
		</datafield>
		<datafield tag="504" ind1=" " ind2=" ">
			<subfield code="a">Bibliography: p. 381-389.</subfield>
		</datafield>
		<datafield tag="505" ind1="0" ind2=" ">
			<subfield code="a">Beginnings -- In the beginning God (Genesis) -- The creation (a sermon) / Jame sWeldon Johnson -- The face of Adam / Paul Goodman -- The garden and the fall (Genesis) -- Behold de rib! / Zora Neale Hurston -- The recognition of Eve / Karl Shapiro -- Eve speaks / Louis Untermeyer -- What Adam said / Archibald Mac Leish -- Only man / D.H. Lawrence -- Temptation / Langston Hughes -- From everlasting to everlasting / Thomas Traherne -- Woodstock / Joni Mitchell -- A little paradise poem (from We) / Eugene Zamiatin -- A.D.2267 / John Frederick Nims -- The first murder (Genesis) -- Cain / Howard Nemerov -- Bar-room matins / Louis Mac Neice -- The deluge (Genesis) -- Noah (from Act I) / Andre Obey -- Noah / Herman Hagedorn -- Didn't it rain (a spiritial) -- The cities are burning / Reverend Frederick D. Kirkpatrick -- A boy's head / Miroslav Holub -- Of courage and dreams -- The sacrifice of Isaac (Genesis) -- Abraham and Isaac / Roberta Kalechofsky -- The parable of the old men and the young / Wilfred Owen -- The story of Isaac / Leonard Cohen -- Joseph and his brothers (Genesis) -- The strong ones / Isaac Bashevis Singer -- Let my people go (Exodus) -- The firstborn (from Act I, Scene I) / Christopher Fry -- Go down, Moses (a spiritual) -- Go down, Moses / William Faulkner -- Toward the promised land (Exodus, Numbers, and Deuteronomy) -- I've been to the mountain top / Dr. Martin Luther King, Jr. -- Moses / Karl Shapiro -- Moses / Edwin Muir -- The latest decalogue / Arthur Hugh Clough -- Into the hand of a woman: the story of Deborah (Judges) -- Aisera / Edwin Arlington Robinson -- David and Goliath (I Samuel) -- Little David / Roark Bradford -- Goliath and David / Louis Untermeyer -- The ways of God and man -- My soul is weary of my life (The Book of Job) -- Job / Elizabeth Sewell -- The emancipator of your God (from A masque of reason) / Robert Frost -- The mysterious stranger / Mark Twain -- The God of galaxies / Mark van Doren -- Selections / Archibald Mac Leish -- Look, how beautiful / Robinson Jeffers -- All is vanity (selections from Ecclesiastes) -- Solomon the king (from The life of Solomon) / Edmond Fleg -- The Song of Songs (selections) -- The sharing (from Earth abides) / George Stewart -- Passing away / Christina Rossetti -- Whither thou goest (The Book of Ruth) -- In the fields of Boas (from Ruth) / Irving Fineman -- Thou art a gracious God (The Book of Jonah) -- The testing of Jonah (from Jonah) / Robert Nathan -- The divine image / William Blake -- Greater love -- The star in the East (Luke and Matthew) -- The vision of the shepherds (from For the time being) / W.H. Auden -- Journey of the Magi / T.S. Eliot -- The holy innocents / Robert Lowell -- Christ in the temple (Luke) -- Journey to Jerusalem (from Act III, Scene 2) / Maxwell Anderson -- Initiation: baptism and temptation (John and Matthew) -- The eye of a soldier / Geoffrey Household -- An old Palestinian donkey / Paul Engle -- Evil days / Boris Pasternak -- The last days of Christ (Luke and Matthew) -- The last supper: as told by James the brother of the Lord (from Jesus the son of man) / Kahlil Girbran -- Peter and John / Elinor Wylie -- Into they hands (Luke and Matthew) -- An' he never said a mumblin' word (a spiritual) -- Calvary / Edwin Arlington Robinson -- At a Calvary near the Ancre / Wilfred Owen -- The ballad of the carpenter / Ewan Mac Coll -- The resurrection is to life, not to death (from The Rainbow) / D.H. Lawrence -- "Prologue" to The last temptation of Christ / Mikos Kazantzakis.</subfield>
		</datafield>
		<datafield tag="630" ind1="0" ind2="0">
			<subfield code="a">Bible</subfield>
			<subfield code="x">Literary collections.</subfield>
		</datafield>
		<datafield tag="650" ind1=" " ind2="0">
			<subfield code="a">American literature</subfield>
			<subfield code="y">20th century.</subfield>
		</datafield>
		<datafield tag="650" ind1=" " ind2="0">
			<subfield code="a">English literature</subfield>
			<subfield code="y">20th century.</subfield>
		</datafield>
		<datafield tag="650" ind1=" " ind2="0">
			<subfield code="a">English.</subfield>
		</datafield>
		<datafield tag="650" ind1=" " ind2="0">
			<subfield code="a">Literature.</subfield>
		</datafield>
		<datafield tag="949" ind1="1" ind2=" ">
			<subfield code="a">TTI</subfield>
			<subfield code="c">PS507</subfield>
			<subfield code="d">.B8</subfield>
			<subfield code="g">30407100120980</subfield>
			<subfield code="p">25.00</subfield>
		</datafield>
	</record>