
	<record>
		<leader>00993cam a2200277 i 4500</leader>
		<controlfield tag="001">991000107239704574</controlfield>
		<controlfield tag="005">20150706165101.0</controlfield>
		<controlfield tag="008">741212s1966    enk      b    00110 eng  </controlfield>
		<datafield tag="010" ind1=" " ind2=" ">
			<subfield code="a">   74194380 //r87</subfield>
		</datafield>
		<datafield tag="015" ind1=" " ind2=" ">
			<subfield code="a">GB***</subfield>
		</datafield>
		<datafield tag="020" ind1=" " ind2=" ">
			<subfield code="a">0064740803 (Barnes &amp; Noble) :</subfield>
			<subfield code="c">£4.25 ($15.00 U.S.)</subfield>
		</datafield>
		<datafield tag="035" ind1=" " ind2=" ">
			<subfield code="a">(TT@)10723-01gali_srtc</subfield>
		</datafield>
		<datafield tag="035" ind1=" " ind2=" ">
			<subfield code="a">74194380 //r87</subfield>
			<subfield code="9">ExL</subfield>
		</datafield>
		<datafield tag="039" ind1=" " ind2=" ">
			<subfield code="a">10723</subfield>
		</datafield>
		<datafield tag="043" ind1=" " ind2=" ">
			<subfield code="a">e-uk-en</subfield>
		</datafield>
		<datafield tag="050" ind1="0" ind2=" ">
			<subfield code="a">PR539.S7</subfield>
			<subfield code="b">L4 1974</subfield>
		</datafield>
		<datafield tag="082" ind1=" " ind2=" ">
			<subfield code="a">821/.04</subfield>
		</datafield>
		<datafield tag="100" ind1="1" ind2="0">
			<subfield code="a">Lever, J. W.</subfield>
			<subfield code="q">(Julius Walter)</subfield>
		</datafield>
		<datafield tag="245" ind1="1" ind2="4">
			<subfield code="a">The Elizabethan love sonnet /</subfield>
			<subfield code="c">J. W. Lever.</subfield>
		</datafield>
		<datafield tag="250" ind1=" " ind2=" ">
			<subfield code="a">[2d ed.].</subfield>
		</datafield>
		<datafield tag="260" ind1="0" ind2=" ">
			<subfield code="a">London :</subfield>
			<subfield code="b">Methuen ;</subfield>
			<subfield code="a">New York :</subfield>
			<subfield code="b">Barnes &amp; Noble Books,</subfield>
			<subfield code="c">[1966] 1974 printing.</subfield>
		</datafield>
		<datafield tag="300" ind1=" " ind2=" ">
			<subfield code="a">xi, 284 p. ;</subfield>
			<subfield code="c">22 cm.</subfield>
		</datafield>
		<datafield tag="504" ind1=" " ind2=" ">
			<subfield code="a">Includes bibliographical references and index.</subfield>
		</datafield>
		<datafield tag="590" ind1=" " ind2=" ">
			<subfield code="a">Gift</subfield>
			<subfield code="b">20.00</subfield>
			<subfield code="c">Oct 6 2014.</subfield>
		</datafield>
		<datafield tag="650" ind1=" " ind2="0">
			<subfield code="a">Sonnets, English</subfield>
			<subfield code="x">History and criticism.</subfield>
		</datafield>
		<datafield tag="650" ind1=" " ind2="0">
			<subfield code="a">English poetry</subfield>
			<subfield code="y">Early modern, 1500-1700</subfield>
			<subfield code="x">History and criticism.</subfield>
		</datafield>
		<datafield tag="650" ind1=" " ind2="0">
			<subfield code="a">Love poetry, English</subfield>
			<subfield code="x">History and criticism.</subfield>
		</datafield>
		<datafield tag="949" ind1=" " ind2=" ">
			<subfield code="a">TTI</subfield>
			<subfield code="c">PR539.S7</subfield>
			<subfield code="d">L4 1974</subfield>
			<subfield code="g">30407100539023</subfield>
			<subfield code="p">20.00</subfield>
		</datafield>
	</record>