
	<record>
		<leader>05840cam a22002651  4500</leader>
		<controlfield tag="001">991000108969704574</controlfield>
		<controlfield tag="005">20160628143914.0</controlfield>
		<controlfield tag="008">700716s19741963nyu           00000 eng  </controlfield>
		<datafield tag="010" ind1=" " ind2=" ">
			<subfield code="a">   68002719 </subfield>
		</datafield>
		<datafield tag="035" ind1=" " ind2=" ">
			<subfield code="a">(TT@)10896-01gali_srtc</subfield>
		</datafield>
		<datafield tag="035" ind1=" " ind2=" ">
			<subfield code="a">68002719</subfield>
			<subfield code="9">ExL</subfield>
		</datafield>
		<datafield tag="039" ind1=" " ind2=" ">
			<subfield code="a">10896</subfield>
		</datafield>
		<datafield tag="040" ind1=" " ind2=" ">
			<subfield code="a">DLC</subfield>
			<subfield code="c">DLC</subfield>
			<subfield code="d">DLC</subfield>
		</datafield>
		<datafield tag="050" ind1="0" ind2="0">
			<subfield code="a">PS586</subfield>
			<subfield code="b">.A54 1968</subfield>
		</datafield>
		<datafield tag="245" ind1="0" ind2="4">
			<subfield code="a">The American experience:</subfield>
			<subfield code="b">poetry</subfield>
			<subfield code="c">[edited by] Marjorie Wescott Barrows [and others]</subfield>
		</datafield>
		<datafield tag="260" ind1="0" ind2=" ">
			<subfield code="a">New York,</subfield>
			<subfield code="b">Macmillan</subfield>
			<subfield code="c">[1968]</subfield>
		</datafield>
		<datafield tag="300" ind1=" " ind2=" ">
			<subfield code="a">xx, 396 p.</subfield>
			<subfield code="c">21 cm.</subfield>
		</datafield>
		<datafield tag="490" ind1="0" ind2=" ">
			<subfield code="a">Macmillan literary heritage</subfield>
		</datafield>
		<datafield tag="500" ind1=" " ind2=" ">
			<subfield code="a">"A revision of The early years of American literature [by C. W. Wachner, F. E. Ross, and E. M. Van Houten], The changing years of American literature [by C. W. Wachner], and Contemporary American poetry [by H. L. Foster]"</subfield>
		</datafield>
		<datafield tag="505" ind1="0" ind2=" ">
			<subfield code="a">Walt Whitman / I hear America Singing -- Emily Dickinson / Come slowly -- Eden! -- Robert Frost / Stopping by woods on a snowy evening -- William Carlos Williams / The red wheelbarrow -- E.E. Cummings / since feeling is first -- Anne Bradstreet / To my dear and loving husband/ from contemplations / some verses upon the burning of our house -- Edward Taylor / Meditation six / preface to God's determinations touching his elect / Upon a spider catching a fly -- Philip Freneau / Ode / The wild honey suckle / from the American village / To the memory of the brave Americans -- Phillis Wheatley / His excellency, General Washington / Liberty and peace -- William Cullen Bryant / To a waterfowl / To the fringed Gentian / Thanatopsis -- Ralph Waldo Emerson / The snow-storm / Compensation / Days / The Rhodora / Forbearance -- Henry Wadsworth Longfellow / The tide rises, the tide falls / Hymn to the night/ The Jewish Cemetery at Newport / Divina Commedia -- John Greenleaf Whittier / Ichabod / Telling the bees -- Oliver Wendell Holmes / The last leaf / Contentment -- James Russell Lowell / The first snow-fall / from under the old elm -- Edgar Allan Poe / Annabel Lee / To Helen / To conqueror worm / The raven -- Walt Whitman / When I heard the Learn'd Astronomer / The Ox-Tamer / Miracles / Beat! Beat! Drums! / Come Up from the Fields Father / Give Me the Splendid Silent Sun / When Lilacs Last in the Dooryard Bloom'd / Good-bye My Fancy! -- Sidney Lanier / A Ballad of Trees and the Master / Song of the Chattahoochee -- Emily Dickinson / This Is My Letter / Success / I'll Tell You How the Sun Rose / The Soul Selects Her Own Society / Some Keep the Sabbath / What Is-"Paradise" - / A Bird Came Down the Walk / Much Madness Is Divinest Sense / I Died for Beauty / If You Were Coming in the Fall / Because I Could Not Stop for Death / It Dropped So Low / Drowning Is Not So Pitiful / My Life Closed Twice -- Stephen Crane / War Is Kind / A Newspaper / Truth / Once There Came a Man -- Vachel Lindsay / Daniel / Two Old Crows / Euclid / The Leaden-Eyed / The Santa-F ̌Trail -- Edgar Lee Masters / The Hill / Constance Hately / Trainor, the Druggist / KnowIt Hoheimer / Judge Selah Lively / Father Malloy -- Carl Sandburg / Chicago / Happiness / Psalm of Those Who Go Forth Before Daylight / Cool Tombs / The Lawyers Know Too Much / Threes / Wind Song / Men of Science Say Their Say -- Amy Lowell / Night Clouds / Patterns / Red Slippers -- H. D. / Song / Oread / Garden / Orchard -- Edwin Arlington Robinson / Richard Cory / Miniver Cheevy / Reuben Bright / Luke Havergal / The Growth of "Lorraine" / Cassandra / Credo -- Edna St. Vincent Millay / The Unexplorer / Northern April / Pity Me Not Because the Light of Day / I Shall Go Back Again / Love, Though for This You Riddle Me with Darts / God's World / Song of a Second April / Renascence -- Robert Frost / Reluctance / The Tuft of Flowers / In Hardwood Groves / Mending Wall / Home Burial / After Apple-Picking / The Exposed Nest / The Gift Outright / Two Tramps in Mud Time / A Record Stride / Provide, Provide -- Elinor Wylie / Let No Charitable Hope / Wild Peaches / The Eagle and the Mole -- Ezra Pound / The Garden / The Tree / Further Instructions / from Canto I / The River-Merchant's Wife: A Letter -- Marianne Moore / Peter / Silence / Critics and Connoisseurs / The Icosasphere / To a Steam Roller -- Wallace Stevens / Anecdote of the Jar / The Woman in Sunshine / The Snow Man / Martial Cadenza / No Possum, No Sop, No Taters -- William Carlos Williams / The Forgotten City / Pastoral / At the Ball Game / This Is Just to Say / Tract / In Chains / The Words Lying Idle -- Hart Crane / My Grandmother's Love Letters / North Labrador / Garden Abstract / The Hurricane / Chaplinesque -- E. E. Cummings / Buffalo Bill's / Spring is like a perhaps hand / what if a much of a which of a wind / pity this busy monster,manunkind / "next to of course god america i -- W. H. Auden / The Unknown Citizen / O Where Are You Going? / Under Sirius -- Ogden Nash / And Three Hundred and Sixty-Six in Leap Year / The Terrible People / The Sea-Gull / The Parsnip / Edouard / The Octopus / A Caution to Everybody -- Randall Jarrell / The Death of the Ball Turret Gunner / A Camp in the Prussian Forest -- Theodore Roethke / Dolor / The Minimal / The Song -- Robert Lowell / For Sale / At a Bible House / Mr. Edwards and the Spider -- Howard Nemerov / Boom! / Santa Claus -- Richard Wilbur / Museum Piece / Mind / After the Last Bulletins -- Gwendolyn Brooks / The Last Quatrain of the Ballad of Emmett Till / The Empty Woman -- Lawrence Ferlinghetti / 2 / 25 -- Karl Shapiro / The Progress of Faust -- James Dickey / The Lifeguard / Buckdancer's Choice</subfield>
		</datafield>
		<datafield tag="590" ind1=" " ind2=" ">
			<subfield code="a">Gift</subfield>
			<subfield code="b">1/7/09</subfield>
		</datafield>
		<datafield tag="650" ind1=" " ind2="0">
			<subfield code="a">American poetry.</subfield>
		</datafield>
		<datafield tag="700" ind1="1" ind2=" ">
			<subfield code="a">Barrows, Marjorie Wescott,</subfield>
			<subfield code="e">ed.</subfield>
		</datafield>
		<datafield tag="700" ind1="1" ind2=" ">
			<subfield code="a">Wachner, Clarence W.,</subfield>
			<subfield code="e">ed.</subfield>
			<subfield code="t">Early years of American literature.</subfield>
		</datafield>
		<datafield tag="700" ind1="1" ind2=" ">
			<subfield code="a">Wachner, Clarence W.,</subfield>
			<subfield code="e">ed.</subfield>
			<subfield code="t">Changing years of American literature.</subfield>
		</datafield>
		<datafield tag="700" ind1="1" ind2=" ">
			<subfield code="a">Foster, H. Lincoln,</subfield>
			<subfield code="e">ed.</subfield>
			<subfield code="t">Contemporary American poetry.</subfield>
		</datafield>
		<datafield tag="949" ind1=" " ind2=" ">
			<subfield code="a">TTI</subfield>
			<subfield code="c">PS586</subfield>
			<subfield code="d">.A54 1974</subfield>
			<subfield code="g">30407100429431</subfield>
			<subfield code="p">10.00</subfield>
		</datafield>
	</record>