
	<record>
		<leader>00919cam a2200277 a 4500</leader>
		<controlfield tag="001">991000111639704574</controlfield>
		<controlfield tag="005">20171025113703.0</controlfield>
		<controlfield tag="008">940106s1994    nyua     b    001 0 eng  </controlfield>
		<datafield tag="010" ind1=" " ind2=" ">
			<subfield code="a">   94002305 </subfield>
		</datafield>
		<datafield tag="020" ind1=" " ind2=" ">
			<subfield code="a">0671864416 :</subfield>
			<subfield code="c">$23.00 ($29.50 Can.)</subfield>
		</datafield>
		<datafield tag="020" ind1=" " ind2=" ">
			<subfield code="a">0684802031</subfield>
		</datafield>
		<datafield tag="035" ind1=" " ind2=" ">
			<subfield code="a">(TT@)11163-01gali_srtc</subfield>
		</datafield>
		<datafield tag="035" ind1=" " ind2=" ">
			<subfield code="a">(DLC)94002305</subfield>
			<subfield code="9">ExL</subfield>
		</datafield>
		<datafield tag="039" ind1=" " ind2=" ">
			<subfield code="a">11163</subfield>
		</datafield>
		<datafield tag="040" ind1=" " ind2=" ">
			<subfield code="a">DLC</subfield>
			<subfield code="c">DLC</subfield>
			<subfield code="d">DLC</subfield>
		</datafield>
		<datafield tag="050" ind1="0" ind2="0">
			<subfield code="a">BJ1581.2</subfield>
			<subfield code="b">.C66 1994</subfield>
		</datafield>
		<datafield tag="100" ind1="1" ind2=" ">
			<subfield code="a">Covey, Stephen R.</subfield>
		</datafield>
		<datafield tag="245" ind1="1" ind2="0">
			<subfield code="a">First things first :</subfield>
			<subfield code="b">to live, to love, to learn, to leave a legacy /</subfield>
			<subfield code="c">Stephen R. Covey, A. Roger Merrill, Rebecca R. Merrill.</subfield>
		</datafield>
		<datafield tag="260" ind1=" " ind2=" ">
			<subfield code="a">New York :</subfield>
			<subfield code="b">Simon &amp; Schuster,</subfield>
			<subfield code="c">c1994.</subfield>
		</datafield>
		<datafield tag="300" ind1=" " ind2=" ">
			<subfield code="a">360 p. :</subfield>
			<subfield code="b">ill. ;</subfield>
			<subfield code="c">25 cm.</subfield>
		</datafield>
		<datafield tag="504" ind1=" " ind2=" ">
			<subfield code="a">Includes bibliographical references and index.</subfield>
		</datafield>
		<datafield tag="590" ind1=" " ind2=" ">
			<subfield code="a">Gift</subfield>
			<subfield code="b">23.00</subfield>
			<subfield code="c">6/20/01</subfield>
		</datafield>
		<datafield tag="650" ind1=" " ind2="0">
			<subfield code="a">Conduct of life.</subfield>
		</datafield>
		<datafield tag="650" ind1=" " ind2="0">
			<subfield code="a">Time management.</subfield>
		</datafield>
		<datafield tag="700" ind1="1" ind2=" ">
			<subfield code="a">Merrill, A. Roger.</subfield>
		</datafield>
		<datafield tag="700" ind1="1" ind2=" ">
			<subfield code="a">Merrill, Rebecca R.</subfield>
		</datafield>
		<datafield tag="949" ind1=" " ind2=" ">
			<subfield code="a">GRADY</subfield>
			<subfield code="c">BJ1581.2</subfield>
			<subfield code="d">.C66 1994</subfield>
			<subfield code="g">30407100449520</subfield>
			<subfield code="p">14.00</subfield>
		</datafield>
	</record>