
	<record>
		<leader>02203cam a2200289 a 4500</leader>
		<controlfield tag="001">991000111799704574</controlfield>
		<controlfield tag="005">20150706113409.0</controlfield>
		<controlfield tag="008">940121s1995    nyua     b    001 0 eng  </controlfield>
		<datafield tag="010" ind1=" " ind2=" ">
			<subfield code="a">   94003859 </subfield>
		</datafield>
		<datafield tag="020" ind1=" " ind2=" ">
			<subfield code="a">0415906393</subfield>
		</datafield>
		<datafield tag="020" ind1=" " ind2=" ">
			<subfield code="a">0415906407 (pbk.)</subfield>
		</datafield>
		<datafield tag="035" ind1=" " ind2=" ">
			<subfield code="a">(TT@)11179-01gali_srtc</subfield>
		</datafield>
		<datafield tag="035" ind1=" " ind2=" ">
			<subfield code="a">(DLC)94003859</subfield>
			<subfield code="9">ExL</subfield>
		</datafield>
		<datafield tag="039" ind1=" " ind2=" ">
			<subfield code="a">11179</subfield>
		</datafield>
		<datafield tag="040" ind1=" " ind2=" ">
			<subfield code="a">DLC</subfield>
			<subfield code="c">DLC</subfield>
			<subfield code="d">DLC</subfield>
		</datafield>
		<datafield tag="050" ind1="0" ind2="0">
			<subfield code="a">PN1995.9.C55</subfield>
			<subfield code="b">C56 1995</subfield>
		</datafield>
		<datafield tag="245" ind1="0" ind2="0">
			<subfield code="a">Classical Hollywood comedy /</subfield>
			<subfield code="c">edited by Kristine Brunovska Karnick and Henry Jenkins.</subfield>
		</datafield>
		<datafield tag="260" ind1=" " ind2=" ">
			<subfield code="a">New York :</subfield>
			<subfield code="b">Routledge,</subfield>
			<subfield code="c">1995.</subfield>
		</datafield>
		<datafield tag="300" ind1=" " ind2=" ">
			<subfield code="a">viii, 430 p. :</subfield>
			<subfield code="b">ill. ;</subfield>
			<subfield code="c">24 cm.</subfield>
		</datafield>
		<datafield tag="440" ind1=" " ind2="0">
			<subfield code="a">AFI film readers</subfield>
		</datafield>
		<datafield tag="504" ind1=" " ind2=" ">
			<subfield code="a">Includes bibliographical references and index.</subfield>
		</datafield>
		<datafield tag="505" ind1="0" ind2=" ">
			<subfield code="a">Golden eras and blind spots / Henry Jenkins and Kristine Brunovska Karnick -- A spanner in the works? / Frank Krutnik -- Comedy, melodrama, and gender / Kathleen Rowe -- Funny stories / Kristine Brunovska Karnick and Henry Jenkins -- Crazy machines in the garden of forking paths : mischief gags and the origins of American film comedy / Tom Gunning -- Pie and chase : gag, spectacle and narrative in slapstick comedy / Donald Crafton -- Responses to "pie and chase" / Tom Gunning -- Commitment and reaffirmation in Hollywood romantic comedy / Kristine Brunovska Karnick -- Acting funny / Henry Jenkins and Kristine Brunovska Karnick -- The Keystone Film Company / Doug Riblet -- The making of a comic star : Buster Keaton and The saphead (1920) / Peter Kramer -- Goin' to town and beyond : Mae West, film censorship and the comedy of unmarriage / Ramona Curry -- The laughing stock of the city : male dread, performance anxiety and Unfaithfully yours / Henry Jenkins -- Comedy and the social world / Kristine Brunovska Karnick and Henry Jenkins -- Divorce, DeMille, and the comedy of remarriage / Charles Musser -- Romantic love and friendship : the redefinition of gender relations in screwball comedy / Tina Olsin Lent -- Queerness, comedy, and The women / Alex Doty.</subfield>
		</datafield>
		<datafield tag="590" ind1=" " ind2=" ">
			<subfield code="a">LC</subfield>
			<subfield code="c">8/14/02</subfield>
		</datafield>
		<datafield tag="650" ind1=" " ind2="0">
			<subfield code="a">Comedy films</subfield>
			<subfield code="z">United States</subfield>
			<subfield code="x">History and criticism.</subfield>
		</datafield>
		<datafield tag="650" ind1=" " ind2="0">
			<subfield code="a">Love in motion pictures.</subfield>
		</datafield>
		<datafield tag="700" ind1="1" ind2=" ">
			<subfield code="a">Karnick, Kristine Brunovska,</subfield>
			<subfield code="d">1958-</subfield>
		</datafield>
		<datafield tag="700" ind1="1" ind2=" ">
			<subfield code="a">Jenkins, Henry,</subfield>
			<subfield code="d">1958-</subfield>
		</datafield>
		<datafield tag="949" ind1="1" ind2=" ">
			<subfield code="a">TTI</subfield>
			<subfield code="c">PN1995.9.C55</subfield>
			<subfield code="d">C56 1995</subfield>
			<subfield code="g">30407100365015</subfield>
			<subfield code="p">25.95</subfield>
		</datafield>
	</record>