
	<record>
		<leader>02223pam a2200337 a 4500</leader>
		<controlfield tag="001">991000113629704574</controlfield>
		<controlfield tag="005">20151005111011.0</controlfield>
		<controlfield tag="008">921029s1993    kyu      b   s001 0 eng  </controlfield>
		<datafield tag="010" ind1=" " ind2=" ">
			<subfield code="a">   92040912 </subfield>
		</datafield>
		<datafield tag="020" ind1=" " ind2=" ">
			<subfield code="a">0813118174 (alk. paper)</subfield>
		</datafield>
		<datafield tag="035" ind1=" " ind2=" ">
			<subfield code="a">(TT@)11362-01gali_srtc</subfield>
		</datafield>
		<datafield tag="035" ind1=" " ind2=" ">
			<subfield code="a">(DLC)92040912</subfield>
			<subfield code="9">ExL</subfield>
		</datafield>
		<datafield tag="039" ind1=" " ind2=" ">
			<subfield code="a">11362</subfield>
		</datafield>
		<datafield tag="040" ind1=" " ind2=" ">
			<subfield code="a">DLC</subfield>
			<subfield code="c">DLC</subfield>
			<subfield code="d">DLC</subfield>
		</datafield>
		<datafield tag="043" ind1=" " ind2=" ">
			<subfield code="a">e-uk-en</subfield>
		</datafield>
		<datafield tag="050" ind1="0" ind2="0">
			<subfield code="a">PR858.W6</subfield>
			<subfield code="b">S34 1993</subfield>
		</datafield>
		<datafield tag="082" ind1="0" ind2="0">
			<subfield code="a">823/.509352042</subfield>
			<subfield code="2">20</subfield>
		</datafield>
		<datafield tag="100" ind1="1" ind2=" ">
			<subfield code="a">Scheuermann, Mona.</subfield>
		</datafield>
		<datafield tag="245" ind1="1" ind2="0">
			<subfield code="a">Her bread to earn :</subfield>
			<subfield code="b">women, money, and society from Defoe to Austen /</subfield>
			<subfield code="c">Mona Scheuermann.</subfield>
		</datafield>
		<datafield tag="260" ind1=" " ind2=" ">
			<subfield code="a">Lexington :</subfield>
			<subfield code="b">University Press of Kentucky,</subfield>
			<subfield code="c">c1993.</subfield>
		</datafield>
		<datafield tag="300" ind1=" " ind2=" ">
			<subfield code="a">x, 284 p. ;</subfield>
			<subfield code="c">24 cm.</subfield>
		</datafield>
		<datafield tag="504" ind1=" " ind2=" ">
			<subfield code="a">Includes bibliographical references (p. [252]-280) and index.</subfield>
		</datafield>
		<datafield tag="505" ind1="0" ind2=" ">
			<subfield code="a">"I was become, from a lady of pleasure, a woman of business, and of great business too, I assure you"; Daniel Defoe: Moll Flanders and Roxana -- "I have sometimes wished that it had pleased god to have taken me in my last fever, when I had everybody's love and good opinion"; Samuel Richardson: Clarissa -- "with regard to the young lady ... my own observation assured me that she would be an inestimable treasure to a good husband"; Henry Fielding: Tom Jones and Amelia -- "I live in an age when light begins to appear even in the regions that have hitherto been thick darkness"; The male radical novelists : Thomas Holcroft: Anna St. Ives; William Godwin: Caleb Williams; Robert Bage: Hermsprong.</subfield>
		</datafield>
		<datafield tag="505" ind1="0" ind2=" ">
			<subfield code="a">"Still she mourned her child, lamented she was a daughter, and anticipated the aggravated ills of life that her sex rendered almost inevitable; the female radical novelists : Elizabeth Inchbald: Nature and art; Mary Wollstonecraft: Maria or the wrongs of woman -- "He had ... enough to marry a woman as portionless even as Miss Taylor"; Jane Austen: Pride and Prejudice and Emma.</subfield>
		</datafield>
		<datafield tag="590" ind1=" " ind2=" ">
			<subfield code="a">Gift</subfield>
			<subfield code="b">$25.00</subfield>
			<subfield code="c">9.23.2015</subfield>
		</datafield>
		<datafield tag="650" ind1=" " ind2="0">
			<subfield code="a">Literature.</subfield>
		</datafield>
		<datafield tag="650" ind1=" " ind2="0">
			<subfield code="a">English fiction</subfield>
			<subfield code="y">18th century</subfield>
			<subfield code="x">History and criticism.</subfield>
		</datafield>
		<datafield tag="650" ind1=" " ind2="0">
			<subfield code="a">Women and literature</subfield>
			<subfield code="z">England</subfield>
			<subfield code="x">History</subfield>
			<subfield code="y">18th century.</subfield>
		</datafield>
		<datafield tag="650" ind1=" " ind2="0">
			<subfield code="a">Literature and society</subfield>
			<subfield code="z">England</subfield>
			<subfield code="x">History</subfield>
			<subfield code="y">18th century.</subfield>
		</datafield>
		<datafield tag="650" ind1=" " ind2="0">
			<subfield code="a">Social problems in literature.</subfield>
		</datafield>
		<datafield tag="650" ind1=" " ind2="0">
			<subfield code="a">Money in literature.</subfield>
		</datafield>
		<datafield tag="949" ind1=" " ind2=" ">
			<subfield code="a">TTI</subfield>
			<subfield code="c">PR858.W6</subfield>
			<subfield code="d">S34 1993</subfield>
			<subfield code="g">30858100107866</subfield>
			<subfield code="p">25.00</subfield>
		</datafield>
	</record>