
	<record>
		<leader>00970cam a2200313 a 4500</leader>
		<controlfield tag="001">991000113699704574</controlfield>
		<controlfield tag="005">20131019112416.0</controlfield>
		<controlfield tag="008">921119s1993    nyub          000 1 eng  </controlfield>
		<datafield tag="010" ind1=" " ind2=" ">
			<subfield code="a">   92042129 //r93</subfield>
		</datafield>
		<datafield tag="020" ind1=" " ind2=" ">
			<subfield code="a">0385310161 (hc) :</subfield>
			<subfield code="c">$27.50 ($32.95 Can.)</subfield>
		</datafield>
		<datafield tag="035" ind1=" " ind2=" ">
			<subfield code="a">(TT@)11369-01gali_srtc</subfield>
		</datafield>
		<datafield tag="035" ind1=" " ind2=" ">
			<subfield code="a">(DLC)92042129 //r93</subfield>
			<subfield code="9">ExL</subfield>
		</datafield>
		<datafield tag="039" ind1=" " ind2=" ">
			<subfield code="a">11369</subfield>
		</datafield>
		<datafield tag="040" ind1=" " ind2=" ">
			<subfield code="a">DLC</subfield>
			<subfield code="c">DLC</subfield>
			<subfield code="d">OCoLC</subfield>
			<subfield code="d">DLC</subfield>
			<subfield code="d">OCoLC</subfield>
		</datafield>
		<datafield tag="043" ind1=" " ind2=" ">
			<subfield code="a">a-ja---</subfield>
		</datafield>
		<datafield tag="050" ind1="0" ind2="0">
			<subfield code="a">PS3553.L365</subfield>
			<subfield code="b">G34 1993</subfield>
		</datafield>
		<datafield tag="082" ind1="0" ind2="0">
			<subfield code="a">813/.54</subfield>
			<subfield code="2">20</subfield>
		</datafield>
		<datafield tag="100" ind1="1" ind2=" ">
			<subfield code="a">Clavell, James.</subfield>
		</datafield>
		<datafield tag="240" ind1="1" ind2="0">
			<subfield code="a">Gai-Jin</subfield>
		</datafield>
		<datafield tag="245" ind1="1" ind2="0">
			<subfield code="a">James Clavell's Gai-Jin :</subfield>
			<subfield code="b">a novel of Japan.</subfield>
		</datafield>
		<datafield tag="246" ind1=" " ind2=" ">
			<subfield code="a">Gai-Jin.</subfield>
		</datafield>
		<datafield tag="260" ind1=" " ind2=" ">
			<subfield code="a">New York, N.Y. :</subfield>
			<subfield code="b">Delacorte Press,</subfield>
			<subfield code="c">1993.</subfield>
		</datafield>
		<datafield tag="300" ind1=" " ind2=" ">
			<subfield code="a">1038 p. :</subfield>
			<subfield code="b">map ;</subfield>
			<subfield code="c">25 cm.</subfield>
		</datafield>
		<datafield tag="650" ind1=" " ind2="0">
			<subfield code="a">British</subfield>
			<subfield code="z">Japan</subfield>
			<subfield code="x">History</subfield>
			<subfield code="y">19th century</subfield>
			<subfield code="x">Fiction.</subfield>
		</datafield>
		<datafield tag="650" ind1=" " ind2="0">
			<subfield code="a">Man-woman relationships</subfield>
			<subfield code="z">Japan</subfield>
			<subfield code="x">Fiction.</subfield>
		</datafield>
		<datafield tag="651" ind1=" " ind2="0">
			<subfield code="a">Japan</subfield>
			<subfield code="x">History</subfield>
			<subfield code="y">19th century</subfield>
			<subfield code="x">Fiction.</subfield>
		</datafield>
		<datafield tag="655" ind1=" " ind2="7">
			<subfield code="a">Love stories.</subfield>
		</datafield>
		<datafield tag="655" ind1=" " ind2="7">
			<subfield code="a">Historical fiction.</subfield>
		</datafield>
		<datafield tag="740" ind1="0" ind2="1">
			<subfield code="a">Gai-Jin.</subfield>
		</datafield>
		<datafield tag="949" ind1=" " ind2=" ">
			<subfield code="a">MLTC</subfield>
			<subfield code="c">PS 3553 .L365</subfield>
			<subfield code="d">G34 1993</subfield>
			<subfield code="g">27000000008608</subfield>
		</datafield>
	</record>