
	<record>
		<leader>00885cam a2200241 a 4500</leader>
		<controlfield tag="001">991000115399704574</controlfield>
		<controlfield tag="005">20120324094759.0</controlfield>
		<controlfield tag="008">900308s1990    ncu           000 1 eng  </controlfield>
		<datafield tag="010" ind1=" " ind2=" ">
			<subfield code="a">   90034411 </subfield>
		</datafield>
		<datafield tag="020" ind1=" " ind2=" ">
			<subfield code="a">0945575467 :</subfield>
			<subfield code="c">$17.95</subfield>
		</datafield>
		<datafield tag="035" ind1=" " ind2=" ">
			<subfield code="a">(TT@)11539-01gali_srtc</subfield>
		</datafield>
		<datafield tag="035" ind1=" " ind2=" ">
			<subfield code="a">(DLC)90034411</subfield>
			<subfield code="9">ExL</subfield>
		</datafield>
		<datafield tag="039" ind1=" " ind2=" ">
			<subfield code="a">11539</subfield>
		</datafield>
		<datafield tag="040" ind1=" " ind2=" ">
			<subfield code="a">DLC</subfield>
			<subfield code="c">DLC</subfield>
			<subfield code="d">DLC</subfield>
		</datafield>
		<datafield tag="050" ind1="0" ind2="0">
			<subfield code="a">PS3552.R6927</subfield>
			<subfield code="b">B5 1990</subfield>
		</datafield>
		<datafield tag="082" ind1="0" ind2="0">
			<subfield code="a">813/.54</subfield>
			<subfield code="2">20</subfield>
		</datafield>
		<datafield tag="100" ind1="1" ind2=" ">
			<subfield code="a">Brown, Larry,</subfield>
			<subfield code="d">1951-2004.</subfield>
		</datafield>
		<datafield tag="245" ind1="1" ind2="0">
			<subfield code="a">Big bad love :</subfield>
			<subfield code="b">stories /</subfield>
			<subfield code="c">by Larry Brown.</subfield>
		</datafield>
		<datafield tag="250" ind1=" " ind2=" ">
			<subfield code="a">1st ed.</subfield>
		</datafield>
		<datafield tag="260" ind1=" " ind2=" ">
			<subfield code="a">Chapel Hill, N.C. :</subfield>
			<subfield code="b">Algonquin Books of Chapel Hill,</subfield>
			<subfield code="c">1990.</subfield>
		</datafield>
		<datafield tag="300" ind1=" " ind2=" ">
			<subfield code="a">228 p. ;</subfield>
			<subfield code="c">23 cm.</subfield>
		</datafield>
		<datafield tag="505" ind1="0" ind2=" ">
			<subfield code="a">Falling out of love -- The apprentice -- Wild thing -- Big bad love -- Gold nuggets -- Waiting for the ladies -- Old soldiers -- Sleep -- Discipline -- 92 days.</subfield>
		</datafield>
		<datafield tag="651" ind1=" " ind2="0">
			<subfield code="a">United States</subfield>
			<subfield code="x">Social life and customs</subfield>
			<subfield code="y">20th century</subfield>
			<subfield code="x">Fiction.</subfield>
		</datafield>
		<datafield tag="949" ind1=" " ind2=" ">
			<subfield code="a">MLTC</subfield>
			<subfield code="c">PS 3552 .R6927</subfield>
			<subfield code="d">B5 1990</subfield>
			<subfield code="g">30858100057459</subfield>
		</datafield>
	</record>