
	<record>
		<leader>00472nam a2200157   4500</leader>
		<controlfield tag="001">991000115739704574</controlfield>
		<controlfield tag="005">20131019103940.0</controlfield>
		<controlfield tag="008">990115s           ||||       ||||c|     </controlfield>
		<datafield tag="020" ind1=" " ind2=" ">
			<subfield code="a">0803488564</subfield>
		</datafield>
		<datafield tag="035" ind1=" " ind2=" ">
			<subfield code="a">(TT@)11573-01gali_srtc</subfield>
		</datafield>
		<datafield tag="035" ind1=" " ind2=" ">
			<subfield code="a">mat00000101</subfield>
			<subfield code="9">ExL</subfield>
		</datafield>
		<datafield tag="039" ind1=" " ind2=" ">
			<subfield code="a">11573</subfield>
		</datafield>
		<datafield tag="050" ind1=" " ind2=" ">
			<subfield code="a">PS3552.E795 </subfield>
			<subfield code="b">T68 1991</subfield>
		</datafield>
		<datafield tag="100" ind1="1" ind2=" ">
			<subfield code="a">Bertrand, Diane Gonzales.</subfield>
		</datafield>
		<datafield tag="245" ind1="0" ind2="0">
			<subfield code="a">Touchdown for love /</subfield>
			<subfield code="c">Diane Gonzales Bertrand.</subfield>
		</datafield>
		<datafield tag="260" ind1=" " ind2=" ">
			<subfield code="a">New York :</subfield>
			<subfield code="b">Avalon Books, </subfield>
			<subfield code="c">c1991.</subfield>
		</datafield>
		<datafield tag="300" ind1=" " ind2=" ">
			<subfield code="a">185 p. :</subfield>
			<subfield code="c">20 cm.</subfield>
		</datafield>
		<datafield tag="949" ind1=" " ind2=" ">
			<subfield code="a">MLTC</subfield>
			<subfield code="c">PS 3552 .E795</subfield>
			<subfield code="d">T68 1991</subfield>
			<subfield code="g">27000000006999</subfield>
		</datafield>
	</record>