
	<record>
		<leader>00841cam a2200265Ia 4500</leader>
		<controlfield tag="001">991000118409704574</controlfield>
		<controlfield tag="005">20150706111133.0</controlfield>
		<controlfield tag="008">890418t19891987nyu           000 0 eng d</controlfield>
		<datafield tag="020" ind1=" " ind2=" ">
			<subfield code="a">0440501601</subfield>
		</datafield>
		<datafield tag="035" ind1=" " ind2=" ">
			<subfield code="a">(TT@)11840-01gali_srtc</subfield>
		</datafield>
		<datafield tag="035" ind1=" " ind2=" ">
			<subfield code="a">(OCoLC)ocm19564541</subfield>
			<subfield code="9">ExL</subfield>
		</datafield>
		<datafield tag="039" ind1=" " ind2=" ">
			<subfield code="a">11840</subfield>
		</datafield>
		<datafield tag="040" ind1=" " ind2=" ">
			<subfield code="a">WRS</subfield>
			<subfield code="c">WRS</subfield>
			<subfield code="d">OCL</subfield>
			<subfield code="d">IXA</subfield>
		</datafield>
		<datafield tag="090" ind1=" " ind2=" ">
			<subfield code="a">HF5381.5</subfield>
			<subfield code="b">.S53 1989</subfield>
		</datafield>
		<datafield tag="100" ind1="1" ind2=" ">
			<subfield code="a">Sinetar, Marsha.</subfield>
		</datafield>
		<datafield tag="245" ind1="1" ind2="0">
			<subfield code="a">Do what you love, the money will follow :</subfield>
			<subfield code="b">discovering your right livelihood /</subfield>
			<subfield code="c">Marsha Sinetar.</subfield>
		</datafield>
		<datafield tag="260" ind1=" " ind2=" ">
			<subfield code="a">New York :</subfield>
			<subfield code="b">Dell Pub.,</subfield>
			<subfield code="c">1989, c1987.</subfield>
		</datafield>
		<datafield tag="263" ind1=" " ind2=" ">
			<subfield code="a">8703</subfield>
		</datafield>
		<datafield tag="300" ind1=" " ind2=" ">
			<subfield code="a">ix, 212 p. ;</subfield>
			<subfield code="c">21 cm.</subfield>
		</datafield>
		<datafield tag="500" ind1=" " ind2=" ">
			<subfield code="a">"A Dell trade paperback"</subfield>
		</datafield>
		<datafield tag="504" ind1=" " ind2=" ">
			<subfield code="a">Bibliography: p. [210]-212.</subfield>
		</datafield>
		<datafield tag="650" ind1=" " ind2="0">
			<subfield code="a">Vocational interests.</subfield>
		</datafield>
		<datafield tag="650" ind1=" " ind2="0">
			<subfield code="a">Job satisfaction.</subfield>
		</datafield>
		<datafield tag="650" ind1=" " ind2="0">
			<subfield code="a">Self-actualization (Psychology)</subfield>
		</datafield>
		<datafield tag="650" ind1=" " ind2="0">
			<subfield code="a">Work</subfield>
			<subfield code="x">Psychological aspects.</subfield>
		</datafield>
		<datafield tag="949" ind1=" " ind2=" ">
			<subfield code="a">TTI</subfield>
			<subfield code="c">HF5381.5</subfield>
			<subfield code="d">.S53 1989</subfield>
			<subfield code="g">30407100234203</subfield>
			<subfield code="p">14.95</subfield>
		</datafield>
	</record>