
	<record>
		<leader>00625cam a2200205   4500</leader>
		<controlfield tag="001">991000121389704574</controlfield>
		<controlfield tag="005">20150706104805.0</controlfield>
		<controlfield tag="008">740506s1974    nyu           000 1 eng  </controlfield>
		<datafield tag="010" ind1=" " ind2=" ">
			<subfield code="a">   73022649 //r943</subfield>
		</datafield>
		<datafield tag="020" ind1=" " ind2=" ">
			<subfield code="a">0670614335</subfield>
		</datafield>
		<datafield tag="035" ind1=" " ind2=" ">
			<subfield code="a">(TT@)12138-01gali_srtc</subfield>
		</datafield>
		<datafield tag="035" ind1=" " ind2=" ">
			<subfield code="a">73022649 //r943</subfield>
			<subfield code="9">ExL</subfield>
		</datafield>
		<datafield tag="039" ind1=" " ind2=" ">
			<subfield code="a">12138</subfield>
		</datafield>
		<datafield tag="040" ind1=" " ind2=" ">
			<subfield code="a">DLC</subfield>
			<subfield code="c">DLC</subfield>
			<subfield code="d">DLC</subfield>
		</datafield>
		<datafield tag="090" ind1="0" ind2="0">
			<subfield code="a">PZ4.M974</subfield>
			<subfield code="b">Sac3 1974</subfield>
		</datafield>
		<datafield tag="100" ind1="1" ind2=" ">
			<subfield code="a">Murdoch, Iris.</subfield>
		</datafield>
		<datafield tag="245" ind1="1" ind2="4">
			<subfield code="a">The sacred and profane love machine.</subfield>
		</datafield>
		<datafield tag="260" ind1=" " ind2=" ">
			<subfield code="a">New York,</subfield>
			<subfield code="b">Viking Press</subfield>
			<subfield code="c">[1974]</subfield>
		</datafield>
		<datafield tag="300" ind1=" " ind2=" ">
			<subfield code="a">374 p.</subfield>
			<subfield code="c">22 cm.</subfield>
		</datafield>
		<datafield tag="650" ind1=" " ind2="0">
			<subfield code="a">Man-woman relationships</subfield>
			<subfield code="z">England</subfield>
			<subfield code="x">Fiction.</subfield>
		</datafield>
		<datafield tag="650" ind1=" " ind2="0">
			<subfield code="a">Married people</subfield>
			<subfield code="z">England</subfield>
			<subfield code="x">Fiction.</subfield>
		</datafield>
		<datafield tag="949" ind1=" " ind2=" ">
			<subfield code="a">TTI</subfield>
			<subfield code="c">PZ4.M974</subfield>
			<subfield code="d">Sac3 1974</subfield>
			<subfield code="g">30407100081497</subfield>
			<subfield code="p">10.00</subfield>
		</datafield>
	</record>