
	<record>
		<leader>10732cam a22002411  4500</leader>
		<controlfield tag="001">991000123489704574</controlfield>
		<controlfield tag="005">20160208111612.0</controlfield>
		<controlfield tag="008">730124s1961    nyu           00010 eng  </controlfield>
		<datafield tag="010" ind1=" " ind2=" ">
			<subfield code="a">   61008916 /L/r942</subfield>
		</datafield>
		<datafield tag="035" ind1=" " ind2=" ">
			<subfield code="a">(TT@)12348-01gali_srtc</subfield>
		</datafield>
		<datafield tag="035" ind1=" " ind2=" ">
			<subfield code="a">(DLC)61008916 /L/r942</subfield>
			<subfield code="9">ExL</subfield>
		</datafield>
		<datafield tag="039" ind1=" " ind2=" ">
			<subfield code="a">12348</subfield>
		</datafield>
		<datafield tag="040" ind1=" " ind2=" ">
			<subfield code="a">DLC</subfield>
			<subfield code="c">DLC</subfield>
			<subfield code="d">DLC</subfield>
		</datafield>
		<datafield tag="050" ind1="0" ind2="0">
			<subfield code="a">PS507</subfield>
			<subfield code="b">.B74 1961</subfield>
		</datafield>
		<datafield tag="100" ind1="1" ind2="0">
			<subfield code="a">Bradley, Sculley,</subfield>
			<subfield code="d">1897-</subfield>
			<subfield code="e">ed.</subfield>
		</datafield>
		<datafield tag="245" ind1="1" ind2="4">
			<subfield code="a">The American tradition in literature,</subfield>
			<subfield code="c">edited by Sculley Bradley, Richmond Croom Beatty [and] E. Hudson Long.</subfield>
		</datafield>
		<datafield tag="250" ind1=" " ind2=" ">
			<subfield code="a">Rev.</subfield>
		</datafield>
		<datafield tag="260" ind1="0" ind2=" ">
			<subfield code="a">New York,</subfield>
			<subfield code="b">Norton</subfield>
			<subfield code="c">[1961]</subfield>
		</datafield>
		<datafield tag="300" ind1=" " ind2=" ">
			<subfield code="a">2 v.</subfield>
			<subfield code="c">22 cm.</subfield>
		</datafield>
		<datafield tag="505" ind1="0" ind2=" ">
			<subfield code="a">v.2. Whitman to the present -- Walt Whitman / Preface to the 1855 Edition of Leaves of Grass -- Song of Myself -- Children of Adam -- Out of the Rolling Ocean the Crowd -- Once I Pass'd Through a Populous City -- Facing West from California's Shores -- As Adam Early in the Morning -- Calamus -- For You O Democracy -- I Saw in Louisiana a Live-oak Growing -- I Hear It Was Charged Against Me -- Crossing Brooklyn Ferry -- Song of the Redwood-Tree -- Sea-Drift -- Out of the Cradle Endlessly Rocking -- To the Man-of-War-Bird -- By the Roadside -- Gods -- When I Heard the Learn'd Astronomer -- The Dalliance of the Eagles -- Drum-Taps -- Beat! Beat! Drums! -- Cavalry Crossing a Ford -- Vigil Strange I Kept on the Field One Night -- Emily Dickinson / All overgrown by cunning moss -- Just lost when I was saved! -- My river runs to thee -- If I shouldn't be alive -- I taste a liquor never brewed -- I like a look of agony -- I can wade grief -- There's a certain slant of light -- The robin's my criterion for tune -- I'm nobody! Who are you? -- The soul selects her own society -- I'll tell you how the sun rose -- There came a day at summer's full -- Some keep the Sabbath going to church -- A bird came down the walk -- The grass so little has to do -- After great pain a formal feeling comes -- What soft, cherubic creatures -- Much madness is divinest sense -- This is my letter to the world -- I died for beauty -- I heard a fly buzz when I died -- I had no time to hate -- If you were coming in the fall -- To hear an oriole sing -- Mine, by the right of the white election! -- I've seen a dying eye -- The brain within its groove -- I had been hungry all the years -- I found the phrase to every thought -- I like to see it lap the miles -- The way I read a letter's this -- I cannot live with you -- Pain has an element of blank -- A thought went up my mind today -- Because I could not stop for Death -- She rose to his requirement -- A death-blow is life-blow to some -- Not what we did shall be the test -- A narrow fellow in the grass -- I never saw a moor -- The bustle in a house -- Revolution is the pod -- The last night that she lived -- We never know how high we are -- He preached upon "breadth" till it argued him narrow -- There is no frigate like a book -- Not with a club the heart is broken -- Pink, small, and punctual -- A route of evanescence -- Before you thought of spring -- How happy is the little stone -- As imperceptibly as grief -- He ate and drank the precious words -- Apparently with no surprise -- My life closed twice before its close -- Elysium is as far as to -- John Henry -- Swing Low, Sweet Chariot -- All God's Chillun Got Shoes -- Go Down, Moses -- Frankie and Johnny -- The Old Chisholm Trail -- Git Along, Little Dogies -- Josh Billings / Essa on the Muel -- John Phoenix / Musical Review Extraordinary -- Artemus Ward / One of Mr. Ward's Business Letters -- Among the Free Lovers -- Samuel Langhorne Clemens / Mark Twain / Roughing It -- [When the Buffalo Climbed a Tree] -- Life on the Mississippi Frescoes from the Past -- The Boy's Ambition -- [A Mississippi Cub-Pilot] -- Some Rambling Notes of an Idle Excursion -- [Captain "Hurricane" Jones and the Prophets of Baal -- The Man That Corrupted Hadleyburg -- Adventures of Huckleberry Finn -- Bret Harte / Mrs. Judge Jenkins -- The Angelus -- The Society Upon the Stanislaus -- "Crotalus" -- The Outcasts of Poker Flat -- George Washington Cable / Belles Demoiselles Plantation -- Joel Chandler Harris / Uncle Remus: His Songs and His Sayings -- The Story of the Deluge and How It Came About -- Free Joe and the Rest of the World -- Mary E. Wilkins Freeman / A Village Singer -- William Dean Howells / Criticism and Fiction -- [The Smiling Aspects of Life] -- [Decency Is True to Life] -- Literary Friends and Acquaintance -- My First Visit to New England -- Editha -- Henry James / Madame de Mauves -- The Real Thing -- The Art of Fiction -- The Beast in the Jungle -- Henry Adams / History of the United States -- American Ideals -- The Education of Henry Adams -- The Dynamo and the Virgin -- William James / The Will to Believe -- William Vaughn Moody / Gloucester Moors -- The Menagerie -- Thammuz -- Edith Wharton / After Holbein -- O. Henry / An Unfinished Story -- Hamlin Garland / The Return of a Private -- Stephen Crane / A God in Wrath -- Once I Saw Mountains Angry -- A Man Saw a Ball of Gold in the Sky -- God Lay Dead in Heaven -- Do Not Weep, Maiden, For War Is Kind -- The Wayfarer -- A Man Said to the Universe -- The Trees in the Garden Rained Flowers -- The Blue Hotel -- Theodore Dreiser / The Old Neighborhood -- Edwin Arlington Robinson / Luke Havergal -- Richard Cory -- Aunt Imogen -- Miniver Cheevy -- Leonora -- Bewick Finzer -- Cassandra -- Old King Cole -- Ben Jonson Entertains a Man from Stratford -- The Man Against the Sky -- Mr. Flood's Party -- The Mill -- Firelight -- The Tree in Pamela's Garden -- New England -- Robert Frost / The Wood-Pile -- After Apple-Picking -- The Death of the Hired Man -- Home Burial -- Blueberries -- Birches -- Brown's Descent -- Nothing Gold Can Stay -- A Star in a Stone-boat -- Fire and Ice -- Fragmentary Blue -- Stopping by Woods on a Snowy Evening -- The Axe-helve -- The Grindstone -- Two Look at Two -- Paul's Wife -- West-running Brook -- Tree at My Window -- Sand Dunes -- Spring Pools -- Departmental -- Come In -- Choose Something like a Star -- Carl Sandburg / Nocturne in a Deserted Brickyard -- Monotone -- Gone -- Fish Crier -- A Fence -- Loam -- Grass -- Southern Pacific -- Washerwoman -- Prayers of Steel -- Stars, Songs, Faces -- Broken-face Gargoyles -- On a Railroad Right of Way -- The People, Yes The people will live on -- Vachel Lindsay / The Eagle That Is Forgotten -- General William Booth Enters into Heaven -- Abraham Lincoln Walks at Midnight -- The Santa-F ̌Trail -- The Ghost of the Buffaloes -- Willa Cather / The Sculptor's Funeral -- Ellen Glasgow / Jordan's End -- Stephen Vincent Benť / Jacob and the Indians -- The Hemp -- The Ballad of William Sycamore -- American Names -- H. L. Mencken / Prejudices: Second Series -- American Culture -- The American Language -- The Hallmarks of American -- The Novel -- [The Woman Writer] -- Sherwood Anderson / I Want to Know Why -- Ring Lardner / Alibi Ike -- Sinclair Lewis / The Man Who Knew Coolidge You Know How Women Are -- F. Scott Fitzgerald / Babylon Revisited -- Edna St. Vincent Millay / The Poet and His Book -- Passer Mortuus Est -- Justice Denied in Massachusetts -- Oh, Sleep Forever in the Latmian Cave -- Eugene O'Neill / The Hairy Ape -- Ezra Pound / A Virginal -- Sestina: Altaforte -- Hugh Selwyn Mauberley -- I. For three years out of key with his time -- II. The age demanded and image -- III. The tea-rose tea-gown, etc. -- IV. These fought in any case -- V. There died a myriad -- Envoi, Concluding Hugh Selwyn Mauberley -- Thomas Stearns Eliot / Tradition and the Individual Talent -- The Love Song of J. Alfred Prufrock -- Gerontion -- Sweeney Erect -- A Cooking Egg -- Mr. Eliot's Sunday Morning Service -- The Waste Land -- I. The Burial of the Dead -- II. A Game of Chess -- III. The Fire Sermon -- IV. Death by Water -- V. </subfield>
		</datafield>
		<datafield tag="505" ind1="0" ind2=" ">
			<subfield code="a">What the Thunder Said -- Marina -- Four Quartets -- Burnt Norton -- Robinson Jeffers / Boats in a Fog -- Shine, Perishing Republic -- Granite and Cypress -- To the Stone-Cutters -- Roan Stallion -- Archibald MacLeish / Lines for a Prologue -- Immortal Autumn -- You, Andrew Marvell -- "Not Marble nor the Gilded Monuments" -- American Letter: For Gerald Murphy -- Speech to Those Who Say Comrade -- Winter Is Another Country -- Hart Crane / The Bridge -- Proem: To Brooklyn Bridge -- Van Winkle -- The River -- Voyages: I -- Voyages: II -- Royal Palm -- Katherine Anne Porter / The Jilting of Granny Weatherall -- William Faulkner / The Bear -- Ernest Hemingway / The Short Happy Life of Francis Macomber -- A Way You'll Never Be -- Thomas Wolfe / An Angel on the Porch -- John Steinbeck / The Red Pony -- Robert Penn Warren / The Patented Gate and the Mean Hamburger -- Wallace Stevens / A High-toned Old Christian Woman -- Peter Quince at the Clavier -- The Glass of Water -- The Candle A Saint -- William Carlos Williams / Tract -- Queen-Ann's-Lace -- The Pause -- John Crowe Ransom / Bells for John Whiteside's Daughter -- Antique Harvesters -- The Equilibrists -- E. E. Cummings / Thy Fingers Make Early Flowers -- O Thou to Whom the Musical White Spring -- If There Are Any Heavens -- Buffalo Bill's Defunct -- Anyone Lived in a Pretty How Town -- Up into the Silence the Green -- Allen Tate / Ode to the Confederate Dead -- Mr. Pope -- Death of Little Boys -- Marianne Moore / In the Days of Prismatic Colour -- An Egyptian Pulled Glass Bottle in the Shape of a Fish -- No Swan So Fine -- The Frigate Pelican -- The Pangolin -- Rigorists -- John Dos Passos / U.S.A. -- The 42nd Parallel -- Big Bill -- Proteus -- 1919 -- The House of Morgan -- The Body of an American -- The Big Money -- The American Plan -- Newsreel LXVI -- The Camera Eye (50) -- Vag -- James T. Farrell / The Fastest Runner on Sixty-first Street -- James Thurber / The Secret Life of James Thurber -- Richard Eberhart / For a Lamb -- Rumination -- "I Walked over the Grave of Henry James" -- The Humanist -- Experience Evoked -- "When Doris Danced" -- "Go to the Shine That's on a Tree" -- Muriel Rukeyser / This Place in the Ways -- Song -- Mortal Girl -- For the Unborn Child: VII -- Boy with His Hair Cut Short -- Correspondences -- Tree of Days -- Beast in View -- Easter Even 1945 -- Robert Lowell / In Memory of Arthur Winslow -- I. Death from Cancer -- II. Dunbarton -- III. Five Years Later -- IV. A Prayer for My Grandfather to Our Lady -- After the Surprising Conversions -- Her Dead Brother -- Richard Wilbur / Objects -- The Beautiful Changes -- Museum Piece -- The Death of a Toad -- Still, Citizen Sparrow -- "A World Without Objects Is a Sensible Emptiness" -- Lamarck Elaborated -- Exeunt</subfield>
		</datafield>
		<datafield tag="650" ind1=" " ind2="0">
			<subfield code="a">American literature.</subfield>
		</datafield>
		<datafield tag="651" ind1=" " ind2="0">
			<subfield code="a">United States</subfield>
			<subfield code="x">Civilization</subfield>
			<subfield code="x">Literary collections.</subfield>
		</datafield>
		<datafield tag="949" ind1=" " ind2=" ">
			<subfield code="a">TTI</subfield>
			<subfield code="c">PS507</subfield>
			<subfield code="d">.B74 1961</subfield>
			<subfield code="g">30407100228254</subfield>
			<subfield code="v">v.2</subfield>
			<subfield code="p">60.00</subfield>
		</datafield>
	</record>