
	<record>
		<leader>00640cam a2200193 a 4500</leader>
		<controlfield tag="001">991000127189704574</controlfield>
		<controlfield tag="005">20050325113710.0</controlfield>
		<controlfield tag="008">050325r19691941nyu           000 1 eng  </controlfield>
		<datafield tag="035" ind1=" " ind2=" ">
			<subfield code="a">(TT@)12718-01gali_srtc</subfield>
		</datafield>
		<datafield tag="035" ind1=" " ind2=" ">
			<subfield code="a">(DLC)mtc87033121</subfield>
			<subfield code="9">ExL</subfield>
		</datafield>
		<datafield tag="039" ind1=" " ind2=" ">
			<subfield code="a">12718</subfield>
		</datafield>
		<datafield tag="090" ind1=" " ind2=" ">
			<subfield code="a">PS3511.I9</subfield>
			<subfield code="b">L3 1969</subfield>
		</datafield>
		<datafield tag="100" ind1="1" ind2=" ">
			<subfield code="a">Fitzgerald, F. Scott</subfield>
			<subfield code="q">(Francis Scott),</subfield>
			<subfield code="d">1896-1940.</subfield>
		</datafield>
		<datafield tag="245" ind1="1" ind2="4">
			<subfield code="a">The last tycoon :</subfield>
			<subfield code="b">an unfinished novel /</subfield>
			<subfield code="c">by F. Scott Fitzgerald.</subfield>
		</datafield>
		<datafield tag="260" ind1=" " ind2=" ">
			<subfield code="a">New York :</subfield>
			<subfield code="b">Scribner,</subfield>
			<subfield code="c">c1969.</subfield>
		</datafield>
		<datafield tag="300" ind1=" " ind2=" ">
			<subfield code="a">190 p. ;</subfield>
			<subfield code="c">22 cm.</subfield>
		</datafield>
		<datafield tag="650" ind1=" " ind2="0">
			<subfield code="a">Motion picture industry</subfield>
			<subfield code="x">Fiction.</subfield>
		</datafield>
		<datafield tag="651" ind1=" " ind2="0">
			<subfield code="a">Hollywood (Los Angeles, Calif.)</subfield>
			<subfield code="x">Fiction.</subfield>
		</datafield>
		<datafield tag="655" ind1=" " ind2="7">
			<subfield code="a">Love stories.</subfield>
			<subfield code="2">gsafd</subfield>
		</datafield>
		<datafield tag="949" ind1=" " ind2=" ">
			<subfield code="a">TATC</subfield>
			<subfield code="c">PS3511.I9L3 1969</subfield>
			<subfield code="g">22623000011170</subfield>
			<subfield code="q">GOOD</subfield>
		</datafield>
	</record>