
	<record>
		<leader>00731cam a2200229 i 4500</leader>
		<controlfield tag="001">991000129619704574</controlfield>
		<controlfield tag="005">20050325114232.0</controlfield>
		<controlfield tag="008">050325r19621934nyu           00011 eng  </controlfield>
		<datafield tag="035" ind1=" " ind2=" ">
			<subfield code="a">(TT@)12961-01gali_srtc</subfield>
		</datafield>
		<datafield tag="035" ind1=" " ind2=" ">
			<subfield code="a">(DLC)mtc78109644 //r952</subfield>
			<subfield code="9">ExL</subfield>
		</datafield>
		<datafield tag="039" ind1=" " ind2=" ">
			<subfield code="a">12961</subfield>
		</datafield>
		<datafield tag="043" ind1=" " ind2=" ">
			<subfield code="a">e-fr---</subfield>
		</datafield>
		<datafield tag="090" ind1=" " ind2=" ">
			<subfield code="a">PS3511.I9</subfield>
			<subfield code="b">T4 1962</subfield>
		</datafield>
		<datafield tag="100" ind1="1" ind2="0">
			<subfield code="a">Fitzgerald, F. Scott</subfield>
			<subfield code="q">(Francis Scott),</subfield>
			<subfield code="d">1896-1940.</subfield>
		</datafield>
		<datafield tag="245" ind1="1" ind2="0">
			<subfield code="a">Tender is the night /</subfield>
			<subfield code="c">by F. Scott Fitzgerald.</subfield>
		</datafield>
		<datafield tag="260" ind1="0" ind2=" ">
			<subfield code="a">New York :</subfield>
			<subfield code="b">Scribner,</subfield>
			<subfield code="c">c1962.</subfield>
		</datafield>
		<datafield tag="300" ind1=" " ind2=" ">
			<subfield code="a">349 p. ;</subfield>
			<subfield code="c">22 cm.</subfield>
		</datafield>
		<datafield tag="650" ind1=" " ind2="0">
			<subfield code="a">Psychiatrists</subfield>
			<subfield code="x">Fiction.</subfield>
		</datafield>
		<datafield tag="650" ind1=" " ind2="0">
			<subfield code="a">Wealth</subfield>
			<subfield code="x">Moral and ethical aspects</subfield>
			<subfield code="x">Fiction.</subfield>
		</datafield>
		<datafield tag="651" ind1=" " ind2="0">
			<subfield code="a">Riviera (France)</subfield>
			<subfield code="x">Fiction.</subfield>
		</datafield>
		<datafield tag="655" ind1=" " ind2="7">
			<subfield code="a">Love stories.</subfield>
			<subfield code="2">gsafd</subfield>
		</datafield>
		<datafield tag="655" ind1=" " ind2="7">
			<subfield code="a">Psychological fiction.</subfield>
			<subfield code="2">lcsh</subfield>
		</datafield>
		<datafield tag="949" ind1=" " ind2=" ">
			<subfield code="a">TATC</subfield>
			<subfield code="c">PS3511.I9T4 1962</subfield>
			<subfield code="g">22623000011171</subfield>
			<subfield code="q">GOOD</subfield>
		</datafield>
	</record>