
	<record>
		<leader>00298nam a2200121uu 4500</leader>
		<controlfield tag="001">991000131639704574</controlfield>
		<controlfield tag="005">20050105133554.0</controlfield>
		<controlfield tag="008">050105s1987     xx ||||||||||||||||eng d</controlfield>
		<datafield tag="020" ind1=" " ind2=" ">
			<subfield code="a">0373630859</subfield>
		</datafield>
		<datafield tag="035" ind1=" " ind2=" ">
			<subfield code="a">(TT@)13163-01gali_srtc</subfield>
		</datafield>
		<datafield tag="035" ind1=" " ind2=" ">
			<subfield code="a">otf00001444</subfield>
			<subfield code="9">ExL</subfield>
		</datafield>
		<datafield tag="039" ind1=" " ind2=" ">
			<subfield code="a">13163</subfield>
		</datafield>
		<datafield tag="100" ind1="1" ind2=" ">
			<subfield code="a">Jordan, Penny.</subfield>
		</datafield>
		<datafield tag="245" ind1="1" ind2="0">
			<subfield code="a">Fight for love</subfield>
		</datafield>
		<datafield tag="949" ind1="1" ind2=" ">
			<subfield code="a">IDCP</subfield>
			<subfield code="b">PFIC</subfield>
			<subfield code="g">27000000021608</subfield>
			<subfield code="p">4.50</subfield>
			<subfield code="q">GOOD</subfield>
		</datafield>
	</record>