
	<record>
		<leader>00353nam a2200133uu 4500</leader>
		<controlfield tag="001">991000131919704574</controlfield>
		<controlfield tag="005">20150622143017.0</controlfield>
		<controlfield tag="008">050126s1984     xx ||||||||||||||||eng d</controlfield>
		<datafield tag="020" ind1=" " ind2=" ">
			<subfield code="a">0446300675</subfield>
		</datafield>
		<datafield tag="035" ind1=" " ind2=" ">
			<subfield code="a">(TT@)13191-01gali_srtc</subfield>
		</datafield>
		<datafield tag="035" ind1=" " ind2=" ">
			<subfield code="a">otf00001491</subfield>
			<subfield code="9">ExL</subfield>
		</datafield>
		<datafield tag="039" ind1=" " ind2=" ">
			<subfield code="a">13191</subfield>
		</datafield>
		<datafield tag="100" ind1="1" ind2=" ">
			<subfield code="a">Sherwood, Valerie.</subfield>
		</datafield>
		<datafield tag="245" ind1="1" ind2="0">
			<subfield code="a">Born to love</subfield>
		</datafield>
		<datafield tag="949" ind1="1" ind2=" ">
			<subfield code="a">IDCP</subfield>
			<subfield code="b">PFIC</subfield>
			<subfield code="g">27000000021641</subfield>
			<subfield code="p">3.95</subfield>
			<subfield code="q">GOOD</subfield>
		</datafield>
		<datafield tag="949" ind1="1" ind2=" ">
			<subfield code="a">MLTP</subfield>
			<subfield code="g">22623000011147</subfield>
			<subfield code="n">1</subfield>
			<subfield code="p">$2.95</subfield>
			<subfield code="q">good</subfield>
		</datafield>
	</record>