
	<record>
		<leader>01542cam a22003978a 4500</leader>
		<controlfield tag="001">991000132589704574</controlfield>
		<controlfield tag="005">20160203161826.0</controlfield>
		<controlfield tag="008">050302s1995    nyu      b    000 1 eng  </controlfield>
		<datafield tag="020" ind1=" " ind2=" ">
			<subfield code="a">0451525973</subfield>
		</datafield>
		<datafield tag="035" ind1=" " ind2=" ">
			<subfield code="a">(TT@)13258-01gali_srtc</subfield>
		</datafield>
		<datafield tag="035" ind1=" " ind2=" ">
			<subfield code="a">(DLC)mtc94039396</subfield>
			<subfield code="9">ExL</subfield>
		</datafield>
		<datafield tag="039" ind1=" " ind2=" ">
			<subfield code="a">13258</subfield>
		</datafield>
		<datafield tag="082" ind1="0" ind2="0">
			<subfield code="a">813/.4</subfield>
			<subfield code="2">20</subfield>
		</datafield>
		<datafield tag="090" ind1="0" ind2="0">
			<subfield code="a">PS2116</subfield>
			<subfield code="b">.P6 1995c</subfield>
		</datafield>
		<datafield tag="100" ind1="1" ind2=" ">
			<subfield code="a">James, Henry,</subfield>
			<subfield code="d">1843-1916.</subfield>
		</datafield>
		<datafield tag="245" ind1="1" ind2="4">
			<subfield code="a">The portrait of a lady /</subfield>
			<subfield code="c">by Henry James ; with a new introduction by Regina Barreca.</subfield>
		</datafield>
		<datafield tag="260" ind1=" " ind2=" ">
			<subfield code="c">New York :</subfield>
			<subfield code="b">Penguin,</subfield>
			<subfield code="c">1995.</subfield>
		</datafield>
		<datafield tag="300" ind1=" " ind2=" ">
			<subfield code="a">xv, 547 p. ;</subfield>
			<subfield code="c">18 cm.</subfield>
		</datafield>
		<datafield tag="504" ind1=" " ind2=" ">
			<subfield code="a">Includes bibliographical references (p. 546-547).</subfield>
		</datafield>
		<datafield tag="650" ind1=" " ind2="0">
			<subfield code="a">Archer, Isabel (Fictitious character)</subfield>
			<subfield code="v">Fiction.</subfield>
		</datafield>
		<datafield tag="650" ind1=" " ind2="0">
			<subfield code="a">Triangles (Interpersonal relations)</subfield>
			<subfield code="v">Fiction.</subfield>
		</datafield>
		<datafield tag="650" ind1=" " ind2="0">
			<subfield code="a">Inheritance and succession</subfield>
			<subfield code="v">Fiction.</subfield>
		</datafield>
		<datafield tag="650" ind1=" " ind2="0">
			<subfield code="a">Fathers and daughters</subfield>
			<subfield code="v">Fiction.</subfield>
		</datafield>
		<datafield tag="650" ind1=" " ind2="0">
			<subfield code="a">Americans</subfield>
			<subfield code="z">Italy</subfield>
			<subfield code="v">Fiction.</subfield>
		</datafield>
		<datafield tag="650" ind1=" " ind2="0">
			<subfield code="a">Married women</subfield>
			<subfield code="v">Fiction.</subfield>
		</datafield>
		<datafield tag="651" ind1=" " ind2="0">
			<subfield code="a">Italy</subfield>
			<subfield code="x">Fiction.</subfield>
		</datafield>
		<datafield tag="655" ind1=" " ind2="7">
			<subfield code="a">Psychological fiction.</subfield>
			<subfield code="2">lcsh</subfield>
		</datafield>
		<datafield tag="655" ind1=" " ind2="7">
			<subfield code="a">Love stories.</subfield>
			<subfield code="2">gsafd</subfield>
		</datafield>
		<datafield tag="700" ind1="1" ind2=" ">
			<subfield code="a"/>
			<subfield code="a">Barreca, Regina.</subfield>
		</datafield>
		<datafield tag="949" ind1=" " ind2=" ">
			<subfield code="a">MLTC</subfield>
			<subfield code="c">PS2116.P6 1995c</subfield>
			<subfield code="g">27000000021750</subfield>
			<subfield code="n">1</subfield>
			<subfield code="p">$5.95</subfield>
			<subfield code="q">NEW</subfield>
		</datafield>
		<datafield tag="949" ind1=" " ind2=" ">
			<subfield code="a">MLTC</subfield>
			<subfield code="c">PS2116.P6 1995c</subfield>
			<subfield code="g">27000000021751</subfield>
			<subfield code="n">2</subfield>
			<subfield code="p">$5.95</subfield>
			<subfield code="q">NEW</subfield>
		</datafield>
		<datafield tag="949" ind1=" " ind2=" ">
			<subfield code="a">MLTC</subfield>
			<subfield code="c">PS2116.P6 1995c</subfield>
			<subfield code="g">27000000021752</subfield>
			<subfield code="n">3</subfield>
			<subfield code="p">$5.95</subfield>
			<subfield code="q">NEW</subfield>
		</datafield>
		<datafield tag="949" ind1=" " ind2=" ">
			<subfield code="a">MLTC</subfield>
			<subfield code="c">PS2116.P6 1995c</subfield>
			<subfield code="g">27000000021753</subfield>
			<subfield code="n">4</subfield>
			<subfield code="p">$5.95</subfield>
			<subfield code="q">NEW</subfield>
		</datafield>
		<datafield tag="949" ind1=" " ind2=" ">
			<subfield code="a">MLTC</subfield>
			<subfield code="c">PS2116.P6 1995c</subfield>
			<subfield code="g">27000000021754</subfield>
			<subfield code="n">5</subfield>
			<subfield code="p">$5.95</subfield>
			<subfield code="q">NEW</subfield>
		</datafield>
		<datafield tag="949" ind1=" " ind2=" ">
			<subfield code="a">MLTC</subfield>
			<subfield code="c">PS2116.P6 1995c</subfield>
			<subfield code="g">27000000021755</subfield>
			<subfield code="n">6</subfield>
			<subfield code="p">$5.95</subfield>
			<subfield code="q">NEW</subfield>
		</datafield>
		<datafield tag="949" ind1=" " ind2=" ">
			<subfield code="a">TATC</subfield>
			<subfield code="c">PS2116.P6 1995c</subfield>
			<subfield code="g">22623000011028</subfield>
			<subfield code="n">8</subfield>
			<subfield code="p">$5.95</subfield>
			<subfield code="q">NEW</subfield>
		</datafield>
		<datafield tag="949" ind1="1" ind2=" ">
			<subfield code="a">IDCP</subfield>
			<subfield code="b">PFIC</subfield>
			<subfield code="g">27000000021949</subfield>
			<subfield code="p">$5.95</subfield>
		</datafield>
	</record>