
	<record>
		<leader>00300nam a2200121uu 4500</leader>
		<controlfield tag="001">991000132889704574</controlfield>
		<controlfield tag="005">20050215102450.0</controlfield>
		<controlfield tag="008">050215s1994     xx ||||||||||||||||eng d</controlfield>
		<datafield tag="020" ind1=" " ind2=" ">
			<subfield code="a">0373288301</subfield>
		</datafield>
		<datafield tag="035" ind1=" " ind2=" ">
			<subfield code="a">(TT@)13288-01gali_srtc</subfield>
		</datafield>
		<datafield tag="035" ind1=" " ind2=" ">
			<subfield code="a">otf00001538</subfield>
			<subfield code="9">ExL</subfield>
		</datafield>
		<datafield tag="039" ind1=" " ind2=" ">
			<subfield code="a">13288</subfield>
		</datafield>
		<datafield tag="100" ind1="1" ind2=" ">
			<subfield code="a">Lovelace, Merline.</subfield>
		</datafield>
		<datafield tag="245" ind1="1" ind2="0">
			<subfield code="a">Sweet song of love</subfield>
		</datafield>
		<datafield tag="949" ind1="1" ind2=" ">
			<subfield code="a">IDCP</subfield>
			<subfield code="b">PFIC</subfield>
			<subfield code="g">27000000021660</subfield>
			<subfield code="p">3.99</subfield>
		</datafield>
	</record>