
	<record>
		<leader>00287nam a2200121uu 4500</leader>
		<controlfield tag="001">991000132919704574</controlfield>
		<controlfield tag="005">20050216174308.0</controlfield>
		<controlfield tag="008">050216s1983     xx ||||||||||||||||eng d</controlfield>
		<datafield tag="020" ind1=" " ind2=" ">
			<subfield code="a">0821712020</subfield>
		</datafield>
		<datafield tag="035" ind1=" " ind2=" ">
			<subfield code="a">(TT@)13291-01gali_srtc</subfield>
		</datafield>
		<datafield tag="035" ind1=" " ind2=" ">
			<subfield code="a">otf00001543</subfield>
			<subfield code="9">ExL</subfield>
		</datafield>
		<datafield tag="039" ind1=" " ind2=" ">
			<subfield code="a">13291</subfield>
		</datafield>
		<datafield tag="100" ind1="1" ind2=" ">
			<subfield code="a">James, Deana.</subfield>
		</datafield>
		<datafield tag="245" ind1="1" ind2="0">
			<subfield code="a">Love stone</subfield>
		</datafield>
		<datafield tag="949" ind1="1" ind2=" ">
			<subfield code="a">IDCP</subfield>
			<subfield code="b">PFIC</subfield>
			<subfield code="g">27000000021701</subfield>
			<subfield code="p">3.50</subfield>
		</datafield>
	</record>