
	<record>
		<leader>00302nam a2200121uu 4500</leader>
		<controlfield tag="001">991000136349704574</controlfield>
		<controlfield tag="005">20050509152431.0</controlfield>
		<controlfield tag="008">050509s1982     xx ||||||||||||||||eng d</controlfield>
		<datafield tag="020" ind1=" " ind2=" ">
			<subfield code="a">0446909157</subfield>
		</datafield>
		<datafield tag="035" ind1=" " ind2=" ">
			<subfield code="a">(TT@)13634-01gali_srtc</subfield>
		</datafield>
		<datafield tag="035" ind1=" " ind2=" ">
			<subfield code="a">otf00001916</subfield>
			<subfield code="9">ExL</subfield>
		</datafield>
		<datafield tag="039" ind1=" " ind2=" ">
			<subfield code="a">13634</subfield>
		</datafield>
		<datafield tag="100" ind1="1" ind2=" ">
			<subfield code="a">Valerie Sherwood.</subfield>
		</datafield>
		<datafield tag="245" ind1="1" ind2="0">
			<subfield code="a">Rash Reckless Love</subfield>
		</datafield>
		<datafield tag="949" ind1="1" ind2=" ">
			<subfield code="a">IDCP</subfield>
			<subfield code="g">27000000022458</subfield>
			<subfield code="n">1</subfield>
			<subfield code="p">1.40</subfield>
			<subfield code="q">good</subfield>
		</datafield>
	</record>