
	<record>
		<leader>00370nam a2200145uu 4500</leader>
		<controlfield tag="001">991000136629704574</controlfield>
		<controlfield tag="005">20150622143016.0</controlfield>
		<controlfield tag="008">050510s1990     xx ||||||||||||||||eng d</controlfield>
		<datafield tag="020" ind1=" " ind2=" ">
			<subfield code="a">0373114354</subfield>
		</datafield>
		<datafield tag="035" ind1=" " ind2=" ">
			<subfield code="a">(TT@)13662-01gali_srtc</subfield>
		</datafield>
		<datafield tag="035" ind1=" " ind2=" ">
			<subfield code="a">otf00001965</subfield>
			<subfield code="9">ExL</subfield>
		</datafield>
		<datafield tag="039" ind1=" " ind2=" ">
			<subfield code="a">13662</subfield>
		</datafield>
		<datafield tag="100" ind1="1" ind2=" ">
			<subfield code="a">Charlotte Lamb.</subfield>
		</datafield>
		<datafield tag="245" ind1="1" ind2="0">
			<subfield code="a">Threat of Love</subfield>
		</datafield>
		<datafield tag="949" ind1="1" ind2=" ">
			<subfield code="a">IDCP</subfield>
			<subfield code="g">27000000022090</subfield>
			<subfield code="n">1</subfield>
			<subfield code="p">2.79</subfield>
			<subfield code="q">good</subfield>
		</datafield>
		<datafield tag="949" ind1="1" ind2=" ">
			<subfield code="a">TATP</subfield>
		</datafield>
		<datafield tag="949" ind1="1" ind2=" ">
			<subfield code="a">MLTP</subfield>
			<subfield code="g">22623000011228</subfield>
			<subfield code="n">1</subfield>
			<subfield code="p">$2.79</subfield>
			<subfield code="q">good</subfield>
		</datafield>
	</record>