
	<record>
		<leader>00302nam a2200121uu 4500</leader>
		<controlfield tag="001">991000136659704574</controlfield>
		<controlfield tag="005">20120828171921.0</controlfield>
		<controlfield tag="008">050510s1980     xx ||||||||||||||||eng d</controlfield>
		<datafield tag="020" ind1=" " ind2=" ">
			<subfield code="a">0380755157</subfield>
		</datafield>
		<datafield tag="035" ind1=" " ind2=" ">
			<subfield code="a">(TT@)13665-01gali_srtc</subfield>
		</datafield>
		<datafield tag="035" ind1=" " ind2=" ">
			<subfield code="a">otf00001974</subfield>
			<subfield code="9">ExL</subfield>
		</datafield>
		<datafield tag="039" ind1=" " ind2=" ">
			<subfield code="a">13665</subfield>
		</datafield>
		<datafield tag="100" ind1="1" ind2=" ">
			<subfield code="a">Rosemary Rogers.</subfield>
		</datafield>
		<datafield tag="245" ind1="1" ind2="0">
			<subfield code="a">Lost Love,Last Love</subfield>
		</datafield>
		<datafield tag="949" ind1="1" ind2=" ">
			<subfield code="a">IDCP</subfield>
			<subfield code="g">27000000022166</subfield>
			<subfield code="n">1</subfield>
			<subfield code="q">good</subfield>
			<subfield code="p">2.95</subfield>
		</datafield>
	</record>