
	<record>
		<leader>00301nam a2200121uu 4500</leader>
		<controlfield tag="001">991000136719704574</controlfield>
		<controlfield tag="005">20050511140109.0</controlfield>
		<controlfield tag="008">050511s1989     xx ||||||||||||||||eng d</controlfield>
		<datafield tag="020" ind1=" " ind2=" ">
			<subfield code="a">0671660740</subfield>
		</datafield>
		<datafield tag="035" ind1=" " ind2=" ">
			<subfield code="a">(TT@)13671-01gali_srtc</subfield>
		</datafield>
		<datafield tag="035" ind1=" " ind2=" ">
			<subfield code="a">otf00001986</subfield>
			<subfield code="9">ExL</subfield>
		</datafield>
		<datafield tag="039" ind1=" " ind2=" ">
			<subfield code="a">13671</subfield>
		</datafield>
		<datafield tag="100" ind1="1" ind2=" ">
			<subfield code="a">Becky Lee Weyrich.</subfield>
		</datafield>
		<datafield tag="245" ind1="1" ind2="0">
			<subfield code="a">Forever For Love</subfield>
		</datafield>
		<datafield tag="949" ind1="1" ind2=" ">
			<subfield code="a">IDCP</subfield>
			<subfield code="g">27000000022177</subfield>
			<subfield code="n">1</subfield>
			<subfield code="p">4.50</subfield>
			<subfield code="q">Good</subfield>
		</datafield>
	</record>