
	<record>
		<leader>00303nam a2200121uu 4500</leader>
		<controlfield tag="001">991000136779704574</controlfield>
		<controlfield tag="005">20050511153309.0</controlfield>
		<controlfield tag="008">050511s1980     xx ||||||||||||||||eng d</controlfield>
		<datafield tag="020" ind1=" " ind2=" ">
			<subfield code="a">0523406606</subfield>
		</datafield>
		<datafield tag="035" ind1=" " ind2=" ">
			<subfield code="a">(TT@)13677-01gali_srtc</subfield>
		</datafield>
		<datafield tag="035" ind1=" " ind2=" ">
			<subfield code="a">otf00001997</subfield>
			<subfield code="9">ExL</subfield>
		</datafield>
		<datafield tag="039" ind1=" " ind2=" ">
			<subfield code="a">13677</subfield>
		</datafield>
		<datafield tag="100" ind1="1" ind2=" ">
			<subfield code="a">Patricia Matthews.</subfield>
		</datafield>
		<datafield tag="245" ind1="1" ind2="0">
			<subfield code="a">Love's Sweet Agony</subfield>
		</datafield>
		<datafield tag="949" ind1="1" ind2=" ">
			<subfield code="a">IDCP</subfield>
			<subfield code="g">27000000022184</subfield>
			<subfield code="n">1</subfield>
			<subfield code="p">2.75</subfield>
			<subfield code="q">GOOD</subfield>
		</datafield>
	</record>