
	<record>
		<leader>00296nam a2200121uu 4500</leader>
		<controlfield tag="001">991000137439704574</controlfield>
		<controlfield tag="005">20050516112752.0</controlfield>
		<controlfield tag="008">050516s1978     xx ||||||||||||||||eng d</controlfield>
		<datafield tag="020" ind1=" " ind2=" ">
			<subfield code="a">0446806633</subfield>
		</datafield>
		<datafield tag="035" ind1=" " ind2=" ">
			<subfield code="a">(TT@)13743-01gali_srtc</subfield>
		</datafield>
		<datafield tag="035" ind1=" " ind2=" ">
			<subfield code="a">otf00002108</subfield>
			<subfield code="9">ExL</subfield>
		</datafield>
		<datafield tag="039" ind1=" " ind2=" ">
			<subfield code="a">13743</subfield>
		</datafield>
		<datafield tag="100" ind1="1" ind2=" ">
			<subfield code="a">R.T. Stevens.</subfield>
		</datafield>
		<datafield tag="245" ind1="1" ind2="0">
			<subfield code="a">My Enemy My Love</subfield>
		</datafield>
		<datafield tag="949" ind1="1" ind2=" ">
			<subfield code="a">IDCP</subfield>
			<subfield code="g">27000000022639</subfield>
			<subfield code="n">1</subfield>
			<subfield code="p">2.95</subfield>
			<subfield code="q">fair</subfield>
		</datafield>
	</record>