
	<record>
		<leader>00301nam a2200121uu 4500</leader>
		<controlfield tag="001">991000137769704574</controlfield>
		<controlfield tag="005">20050517100815.0</controlfield>
		<controlfield tag="008">050517s1983     xx ||||||||||||||||eng d</controlfield>
		<datafield tag="020" ind1=" " ind2=" ">
			<subfield code="a">0446342203</subfield>
		</datafield>
		<datafield tag="035" ind1=" " ind2=" ">
			<subfield code="a">(TT@)13776-01gali_srtc</subfield>
		</datafield>
		<datafield tag="035" ind1=" " ind2=" ">
			<subfield code="a">otf00002167</subfield>
			<subfield code="9">ExL</subfield>
		</datafield>
		<datafield tag="039" ind1=" " ind2=" ">
			<subfield code="a">13776</subfield>
		</datafield>
		<datafield tag="100" ind1="1" ind2=" ">
			<subfield code="a">Rebecca Brandewyne.</subfield>
		</datafield>
		<datafield tag="245" ind1="1" ind2="0">
			<subfield code="a">Love Cherish Me</subfield>
		</datafield>
		<datafield tag="949" ind1="1" ind2=" ">
			<subfield code="a">IDCP</subfield>
			<subfield code="g">27000000022656</subfield>
			<subfield code="n">1</subfield>
			<subfield code="p">4.95</subfield>
			<subfield code="q">fair</subfield>
		</datafield>
	</record>