
	<record>
		<leader>00367nam a2200145uu 4500</leader>
		<controlfield tag="001">991000138119704574</controlfield>
		<controlfield tag="005">20121220131850.0</controlfield>
		<controlfield tag="008">namuu  1995eng</controlfield>
		<datafield tag="020" ind1=" " ind2=" ">
			<subfield code="a">0060176806</subfield>
		</datafield>
		<datafield tag="035" ind1=" " ind2=" ">
			<subfield code="a">(TT@)13811-01gali_srtc</subfield>
		</datafield>
		<datafield tag="035" ind1=" " ind2=" ">
			<subfield code="a">otf00002212</subfield>
			<subfield code="9">ExL</subfield>
		</datafield>
		<datafield tag="039" ind1=" " ind2=" ">
			<subfield code="a">13811</subfield>
		</datafield>
		<datafield tag="100" ind1="1" ind2=" ">
			<subfield code="a">Bradford, Barbara Taylor.</subfield>
		</datafield>
		<datafield tag="245" ind1="1" ind2="0">
			<subfield code="a">Love in another town</subfield>
		</datafield>
		<datafield tag="949" ind1="1" ind2=" ">
			<subfield code="a">IDCP</subfield>
			<subfield code="g">27000000022861</subfield>
			<subfield code="n">1</subfield>
			<subfield code="q">fair</subfield>
		</datafield>
		<datafield tag="949" ind1="1" ind2=" ">
			<subfield code="a">MLTP</subfield>
			<subfield code="g">30858100053151</subfield>
			<subfield code="p">$2.00</subfield>
		</datafield>
		<datafield tag="949" ind1="1" ind2=" ">
			<subfield code="a">MLTP</subfield>
			<subfield code="g">30858100057319</subfield>
			<subfield code="p">1.00</subfield>
		</datafield>
	</record>