
	<record>
		<leader>00297nam a2200121uu 4500</leader>
		<controlfield tag="001">991000140689704574</controlfield>
		<controlfield tag="005">20050613164435.0</controlfield>
		<controlfield tag="008">050613s1995     xx ||||||||||||||||eng d</controlfield>
		<datafield tag="020" ind1=" " ind2=" ">
			<subfield code="a">0345385985</subfield>
		</datafield>
		<datafield tag="035" ind1=" " ind2=" ">
			<subfield code="a">(TT@)14068-01gali_srtc</subfield>
		</datafield>
		<datafield tag="035" ind1=" " ind2=" ">
			<subfield code="a">otf00002516</subfield>
			<subfield code="9">ExL</subfield>
		</datafield>
		<datafield tag="039" ind1=" " ind2=" ">
			<subfield code="a">14068</subfield>
		</datafield>
		<datafield tag="100" ind1="1" ind2=" ">
			<subfield code="a">Bertrice Small.</subfield>
		</datafield>
		<datafield tag="245" ind1="1" ind2="4">
			<subfield code="a">The Love Slave</subfield>
		</datafield>
		<datafield tag="949" ind1="1" ind2=" ">
			<subfield code="a">IDCP</subfield>
			<subfield code="g">27000000023074</subfield>
			<subfield code="n">1</subfield>
			<subfield code="p">10.00</subfield>
			<subfield code="q">good</subfield>
		</datafield>
	</record>