
	<record>
		<leader>00292nam a2200121uu 4500</leader>
		<controlfield tag="001">991000141279704574</controlfield>
		<controlfield tag="005">20150622143019.0</controlfield>
		<controlfield tag="008">050615s1984     xx ||||||||||||||||eng d</controlfield>
		<datafield tag="020" ind1=" " ind2=" ">
			<subfield code="a">0440150167</subfield>
		</datafield>
		<datafield tag="035" ind1=" " ind2=" ">
			<subfield code="a">(TT@)14127-01gali_srtc</subfield>
		</datafield>
		<datafield tag="035" ind1=" " ind2=" ">
			<subfield code="a">otf00002583</subfield>
			<subfield code="9">ExL</subfield>
		</datafield>
		<datafield tag="039" ind1=" " ind2=" ">
			<subfield code="a">14127</subfield>
		</datafield>
		<datafield tag="100" ind1="1" ind2=" ">
			<subfield code="a">Jakes, John.</subfield>
		</datafield>
		<datafield tag="245" ind1="1" ind2="0">
			<subfield code="a">Love and War</subfield>
		</datafield>
		<datafield tag="949" ind1="1" ind2=" ">
			<subfield code="a">MLTP</subfield>
			<subfield code="g">22623000011239</subfield>
			<subfield code="n">1</subfield>
			<subfield code="p">$5.95</subfield>
			<subfield code="q">good</subfield>
		</datafield>
	</record>