
	<record>
		<leader>00297nam a2200121uu 4500</leader>
		<controlfield tag="001">991000145789704574</controlfield>
		<controlfield tag="005">20071010073934.0</controlfield>
		<controlfield tag="008">051021s1992     xx ||||||||||||||||eng d</controlfield>
		<datafield tag="020" ind1=" " ind2=" ">
			<subfield code="a">0671743686</subfield>
		</datafield>
		<datafield tag="035" ind1=" " ind2=" ">
			<subfield code="a">(TT@)14578-01gali_srtc</subfield>
		</datafield>
		<datafield tag="035" ind1=" " ind2=" ">
			<subfield code="a">otf00003118</subfield>
			<subfield code="9">ExL</subfield>
		</datafield>
		<datafield tag="039" ind1=" " ind2=" ">
			<subfield code="a">14578</subfield>
		</datafield>
		<datafield tag="100" ind1="1" ind2=" ">
			<subfield code="a">Trump, Ivana.</subfield>
		</datafield>
		<datafield tag="245" ind1="1" ind2="0">
			<subfield code="a">For love alone </subfield>
		</datafield>
		<datafield tag="949" ind1="1" ind2=" ">
			<subfield code="a">MLTP</subfield>
			<subfield code="g">27000000023689</subfield>
			<subfield code="n">1</subfield>
			<subfield code="p">$22.00</subfield>
			<subfield code="q">fair</subfield>
		</datafield>
	</record>