
	<record>
		<leader>01441cam a2200373 a 4500</leader>
		<controlfield tag="001">991000155069704574</controlfield>
		<controlfield tag="005">20160503173838.0</controlfield>
		<controlfield tag="008">900309r19901989nyu           000 1 eng  </controlfield>
		<datafield tag="010" ind1=" " ind2=" ">
			<subfield code="a">   90050177 </subfield>
		</datafield>
		<datafield tag="020" ind1=" " ind2=" ">
			<subfield code="a">0679731725 :</subfield>
			<subfield code="c">$9.95</subfield>
		</datafield>
		<datafield tag="035" ind1=" " ind2=" ">
			<subfield code="a">(TT@)15506-01gali_srtc</subfield>
		</datafield>
		<datafield tag="035" ind1=" " ind2=" ">
			<subfield code="a">(DLC)90050177</subfield>
			<subfield code="9">ExL</subfield>
		</datafield>
		<datafield tag="039" ind1=" " ind2=" ">
			<subfield code="a">15506</subfield>
		</datafield>
		<datafield tag="040" ind1=" " ind2=" ">
			<subfield code="a">DLC</subfield>
			<subfield code="c">DLC</subfield>
			<subfield code="d">DLC</subfield>
			<subfield code="d">OCoLC</subfield>
			<subfield code="d">DLC</subfield>
		</datafield>
		<datafield tag="043" ind1=" " ind2=" ">
			<subfield code="a">e-uk-en</subfield>
		</datafield>
		<datafield tag="050" ind1="1" ind2="0">
			<subfield code="a">PR6059.S5</subfield>
			<subfield code="b">R46 1990</subfield>
		</datafield>
		<datafield tag="082" ind1="0" ind2="0">
			<subfield code="a">823/.914</subfield>
			<subfield code="2">20</subfield>
		</datafield>
		<datafield tag="100" ind1="1" ind2=" ">
			<subfield code="a">Ishiguro, Kazuo,</subfield>
			<subfield code="d">1954-</subfield>
		</datafield>
		<datafield tag="245" ind1="1" ind2="4">
			<subfield code="a">The remains of the day /</subfield>
			<subfield code="c">Kazuo Ishiguro.</subfield>
		</datafield>
		<datafield tag="250" ind1=" " ind2=" ">
			<subfield code="a">1st Vintage international ed.</subfield>
		</datafield>
		<datafield tag="260" ind1=" " ind2=" ">
			<subfield code="a">New York :</subfield>
			<subfield code="b">Vintage Books,</subfield>
			<subfield code="c">1990.</subfield>
		</datafield>
		<datafield tag="300" ind1=" " ind2=" ">
			<subfield code="a">245 p. ;</subfield>
			<subfield code="c">21 cm.</subfield>
		</datafield>
		<datafield tag="490" ind1="0" ind2=" ">
			<subfield code="a">Vintage international</subfield>
		</datafield>
		<datafield tag="500" ind1=" " ind2=" ">
			<subfield code="a">"Originally published in hardcover in Great Britain by Faber and Faber Ltd., London, and in the United States by Alfred A. Knopf, Inc., in 1989"--T.p. verso.</subfield>
		</datafield>
		<datafield tag="590" ind1=" " ind2=" ">
			<subfield code="a">LOC</subfield>
			<subfield code="b">5.00</subfield>
			<subfield code="c">4.14.2016</subfield>
		</datafield>
		<datafield tag="650" ind1=" " ind2="0">
			<subfield code="a">Country homes</subfield>
			<subfield code="v">Fiction.</subfield>
		</datafield>
		<datafield tag="650" ind1=" " ind2="0">
			<subfield code="a">Household employees</subfield>
			<subfield code="v">Fiction.</subfield>
		</datafield>
		<datafield tag="651" ind1=" " ind2="0">
			<subfield code="a">England</subfield>
			<subfield code="v">Fiction.</subfield>
		</datafield>
		<datafield tag="655" ind1=" " ind2="7">
			<subfield code="a">Historical fiction.</subfield>
			<subfield code="2">gsafd</subfield>
		</datafield>
		<datafield tag="655" ind1=" " ind2="7">
			<subfield code="a">Love stories.</subfield>
			<subfield code="2">gsafd</subfield>
		</datafield>
		<datafield tag="856" ind1="4" ind2="2">
			<subfield code="3">Contributor biographical information</subfield>
			<subfield code="u">http://www.loc.gov/catdir/bios/random056/90050177.html</subfield>
		</datafield>
		<datafield tag="856" ind1="4" ind2="2">
			<subfield code="3">Publisher description</subfield>
			<subfield code="u">http://www.loc.gov/catdir/description/random044/90050177.html</subfield>
		</datafield>
		<datafield tag="856" ind1="4" ind2="1">
			<subfield code="3">Sample text</subfield>
			<subfield code="u">http://www.loc.gov/catdir/enhancements/fy1108/90050177-s.html</subfield>
		</datafield>
		<datafield tag="949" ind1=" " ind2=" ">
			<subfield code="a">TTIPB</subfield>
			<subfield code="c">POPULAR</subfield>
			<subfield code="g">30858100134118</subfield>
			<subfield code="p">5.00</subfield>
		</datafield>
		<datafield tag="949" ind1=" " ind2=" ">
			<subfield code="a">IDCP</subfield>
			<subfield code="g">30858100134456</subfield>
			<subfield code="p">13.00</subfield>
		</datafield>
	</record>