
	<record>
		<leader>00862pam a2200241 a 4500</leader>
		<controlfield tag="001">991000155099704574</controlfield>
		<controlfield tag="005">20091111124610.0</controlfield>
		<controlfield tag="008">900323s1991    nyu      b    00110 eng  </controlfield>
		<datafield tag="010" ind1=" " ind2=" ">
			<subfield code="a">   90050281 </subfield>
		</datafield>
		<datafield tag="020" ind1=" " ind2=" ">
			<subfield code="a">0446515353 :</subfield>
			<subfield code="c">$19.95</subfield>
		</datafield>
		<datafield tag="035" ind1=" " ind2=" ">
			<subfield code="a">(TT@)15509-01gali_srtc</subfield>
		</datafield>
		<datafield tag="035" ind1=" " ind2=" ">
			<subfield code="a">90050281</subfield>
			<subfield code="9">ExL</subfield>
		</datafield>
		<datafield tag="039" ind1=" " ind2=" ">
			<subfield code="a">15509</subfield>
		</datafield>
		<datafield tag="040" ind1=" " ind2=" ">
			<subfield code="a">DLC</subfield>
			<subfield code="c">DLC</subfield>
			<subfield code="d">DLC</subfield>
		</datafield>
		<datafield tag="050" ind1="0" ind2="0">
			<subfield code="a">RM237.7</subfield>
			<subfield code="b">.S64 1991</subfield>
		</datafield>
		<datafield tag="082" ind1="0" ind2="0">
			<subfield code="a">641.5/638</subfield>
			<subfield code="2">20</subfield>
		</datafield>
		<datafield tag="100" ind1="1" ind2="0">
			<subfield code="a">Spear, Ruth A.</subfield>
		</datafield>
		<datafield tag="245" ind1="1" ind2="0">
			<subfield code="a">Low fat &amp; loving it :</subfield>
			<subfield code="b">how to lower your fat intake and still eat the foods you love : 200 delicious recipes /</subfield>
			<subfield code="c">Ruth Spear ; introduction by Maureen Henderson.</subfield>
		</datafield>
		<datafield tag="260" ind1="0" ind2=" ">
			<subfield code="a">New York, NY :</subfield>
			<subfield code="b">Warner Books,</subfield>
			<subfield code="c">c1991.</subfield>
		</datafield>
		<datafield tag="300" ind1=" " ind2=" ">
			<subfield code="a">xviii, 318 p. ;</subfield>
			<subfield code="c">24 cm.</subfield>
		</datafield>
		<datafield tag="504" ind1=" " ind2=" ">
			<subfield code="a">Includes bibliographical references (p. 306-307) and index.</subfield>
		</datafield>
		<datafield tag="590" ind1=" " ind2=" ">
			<subfield code="a">Gift, 2/24/2005.</subfield>
		</datafield>
		<datafield tag="650" ind1=" " ind2="0">
			<subfield code="a">Low-fat diet</subfield>
			<subfield code="x">Recipes.</subfield>
		</datafield>
		<datafield tag="740" ind1="0" ind2="1">
			<subfield code="a">Low fat and loving it.</subfield>
		</datafield>
		<datafield tag="949" ind1=" " ind2=" ">
			<subfield code="a">MLTC</subfield>
			<subfield code="c">RM 237.7</subfield>
			<subfield code="d">.S64 1991</subfield>
			<subfield code="g">30858100067839</subfield>
		</datafield>
	</record>