
	<record>
		<leader>00827cam a2200229 a 4500</leader>
		<controlfield tag="001">991000157459704574</controlfield>
		<controlfield tag="005">20150706105624.0</controlfield>
		<controlfield tag="008">920421s1992    caua     o    001 0 eng  </controlfield>
		<datafield tag="010" ind1=" " ind2=" ">
			<subfield code="a">   92011175 </subfield>
		</datafield>
		<datafield tag="020" ind1=" " ind2=" ">
			<subfield code="a">1562790315 :</subfield>
			<subfield code="c">$16.95 ($21.95 Canada)</subfield>
		</datafield>
		<datafield tag="035" ind1=" " ind2=" ">
			<subfield code="a">(TT@)15745-01gali_srtc</subfield>
		</datafield>
		<datafield tag="035" ind1=" " ind2=" ">
			<subfield code="a">92011175</subfield>
			<subfield code="9">ExL</subfield>
		</datafield>
		<datafield tag="039" ind1=" " ind2=" ">
			<subfield code="a">15745</subfield>
		</datafield>
		<datafield tag="040" ind1=" " ind2=" ">
			<subfield code="a">DLC</subfield>
			<subfield code="c">DLC</subfield>
			<subfield code="d">DLC</subfield>
		</datafield>
		<datafield tag="050" ind1="0" ind2="0">
			<subfield code="a">PN1995</subfield>
			<subfield code="b">.L66 1992</subfield>
		</datafield>
		<datafield tag="245" ind1="0" ind2="0">
			<subfield code="a">Love and hisses :</subfield>
			<subfield code="b">the National Society of Film Critics sound off on the hottest movie controversies /</subfield>
			<subfield code="c">edited and with introductions by Peter Rainer.</subfield>
		</datafield>
		<datafield tag="260" ind1=" " ind2=" ">
			<subfield code="a">San Francisco :</subfield>
			<subfield code="b">Mercury House,</subfield>
			<subfield code="c">c1992.</subfield>
		</datafield>
		<datafield tag="300" ind1=" " ind2=" ">
			<subfield code="a">xiv, 546 p. :</subfield>
			<subfield code="b">ill. ;</subfield>
			<subfield code="c">22 cm.</subfield>
		</datafield>
		<datafield tag="500" ind1=" " ind2=" ">
			<subfield code="a">Includes index.</subfield>
		</datafield>
		<datafield tag="650" ind1=" " ind2="0">
			<subfield code="a">Motion pictures.</subfield>
		</datafield>
		<datafield tag="650" ind1=" " ind2="0">
			<subfield code="a">Motion pictures</subfield>
			<subfield code="x">Reviews.</subfield>
		</datafield>
		<datafield tag="700" ind1="1" ind2=" ">
			<subfield code="a">Rainer, Peter,</subfield>
			<subfield code="d">1951-</subfield>
		</datafield>
		<datafield tag="710" ind1="2" ind2=" ">
			<subfield code="a">National Society of Film Critics.</subfield>
		</datafield>
		<datafield tag="949" ind1=" " ind2=" ">
			<subfield code="a">TTI</subfield>
			<subfield code="c">PN1995</subfield>
			<subfield code="d">.L66 1992</subfield>
			<subfield code="g">30407100098392</subfield>
			<subfield code="p">16.95</subfield>
		</datafield>
	</record>