
	<record>
		<leader>01060pam a2200265 a 4500</leader>
		<controlfield tag="001">991000157529704574</controlfield>
		<controlfield tag="005">20150706105625.0</controlfield>
		<controlfield tag="008">920323s1992    nyua     b    001 0 eng  </controlfield>
		<datafield tag="010" ind1=" " ind2=" ">
			<subfield code="a">   92013266 </subfield>
		</datafield>
		<datafield tag="020" ind1=" " ind2=" ">
			<subfield code="a">0820418765 (alk. paper)</subfield>
		</datafield>
		<datafield tag="035" ind1=" " ind2=" ">
			<subfield code="a">(TT@)15752-01gali_srtc</subfield>
		</datafield>
		<datafield tag="035" ind1=" " ind2=" ">
			<subfield code="a">92013266</subfield>
			<subfield code="9">ExL</subfield>
		</datafield>
		<datafield tag="039" ind1=" " ind2=" ">
			<subfield code="a">15752</subfield>
		</datafield>
		<datafield tag="040" ind1=" " ind2=" ">
			<subfield code="a">DLC</subfield>
			<subfield code="c">DLC</subfield>
			<subfield code="d">DLC</subfield>
		</datafield>
		<datafield tag="050" ind1="0" ind2="0">
			<subfield code="a">PQ6058</subfield>
			<subfield code="b">.B25 1992</subfield>
		</datafield>
		<datafield tag="100" ind1="1" ind2=" ">
			<subfield code="a">Bahler, Ingrid.</subfield>
		</datafield>
		<datafield tag="245" ind1="1" ind2="0">
			<subfield code="a">Of kings and poets :</subfield>
			<subfield code="b">cancionero poetry of the Trastámara courts /</subfield>
			<subfield code="c">Ingrid Bahler and Katherine Gyékényesi Gatto.</subfield>
		</datafield>
		<datafield tag="260" ind1=" " ind2=" ">
			<subfield code="a">New York :</subfield>
			<subfield code="b">P. Lang,</subfield>
			<subfield code="c">c1992.</subfield>
		</datafield>
		<datafield tag="300" ind1=" " ind2=" ">
			<subfield code="a">xii, 247 p. :</subfield>
			<subfield code="b">ill. ;</subfield>
			<subfield code="c">24 cm.</subfield>
		</datafield>
		<datafield tag="440" ind1=" " ind2="0">
			<subfield code="a">American university studies.</subfield>
			<subfield code="n">Series II,</subfield>
			<subfield code="p">Romance languages and literature ;</subfield>
			<subfield code="v">vol. 194</subfield>
		</datafield>
		<datafield tag="504" ind1=" " ind2=" ">
			<subfield code="a">Includes bibliographical references (p. [223]-237) and index.</subfield>
		</datafield>
		<datafield tag="650" ind1=" " ind2="0">
			<subfield code="a">Spanish poetry</subfield>
			<subfield code="y">To 1500</subfield>
			<subfield code="x">History and criticism.</subfield>
		</datafield>
		<datafield tag="650" ind1=" " ind2="0">
			<subfield code="a">Courtly love in literature.</subfield>
		</datafield>
		<datafield tag="650" ind1=" " ind2="0">
			<subfield code="a">Authors and patrons</subfield>
			<subfield code="z">Spain</subfield>
			<subfield code="x">History.</subfield>
		</datafield>
		<datafield tag="651" ind1=" " ind2="0">
			<subfield code="a">Spain</subfield>
			<subfield code="x">Court and courtiers</subfield>
			<subfield code="x">History.</subfield>
		</datafield>
		<datafield tag="700" ind1="2" ind2=" ">
			<subfield code="a">Gyékényesi Gatto, Katherine,</subfield>
			<subfield code="d">1945-</subfield>
		</datafield>
		<datafield tag="949" ind1=" " ind2=" ">
			<subfield code="a">TTI</subfield>
			<subfield code="c">PQ6058</subfield>
			<subfield code="d">.B25 1992</subfield>
			<subfield code="g">30407100132654</subfield>
			<subfield code="p">25.00</subfield>
		</datafield>
	</record>