
	<record>
		<leader>00786cam a2200253 a 4500</leader>
		<controlfield tag="001">991000157689704574</controlfield>
		<controlfield tag="005">19981110160323.0</controlfield>
		<controlfield tag="008">920415s1992    nyu           000 1 eng  </controlfield>
		<datafield tag="010" ind1=" " ind2=" ">
			<subfield code="a">   92015704 //r93</subfield>
		</datafield>
		<datafield tag="020" ind1=" " ind2=" ">
			<subfield code="a">0399137793 (acid-free paper) :</subfield>
			<subfield code="c">$19.95 ($24.95 Can.)</subfield>
		</datafield>
		<datafield tag="035" ind1=" " ind2=" ">
			<subfield code="a">(TT@)15768-01gali_srtc</subfield>
		</datafield>
		<datafield tag="035" ind1=" " ind2=" ">
			<subfield code="a">(DLC)92015704 //r93</subfield>
			<subfield code="9">ExL</subfield>
		</datafield>
		<datafield tag="039" ind1=" " ind2=" ">
			<subfield code="a">15768</subfield>
		</datafield>
		<datafield tag="040" ind1=" " ind2=" ">
			<subfield code="a">DLC</subfield>
			<subfield code="c">DLC</subfield>
			<subfield code="d">DLC</subfield>
			<subfield code="d">OCoLC</subfield>
		</datafield>
		<datafield tag="043" ind1=" " ind2=" ">
			<subfield code="a">n-us-va</subfield>
		</datafield>
		<datafield tag="050" ind1="0" ind2="0">
			<subfield code="a">PS3552.L3448</subfield>
			<subfield code="b">L68 1992</subfield>
		</datafield>
		<datafield tag="082" ind1="0" ind2="0">
			<subfield code="a">813/.54</subfield>
			<subfield code="2">20</subfield>
		</datafield>
		<datafield tag="100" ind1="1" ind2=" ">
			<subfield code="a">Blain, W. Edward.</subfield>
		</datafield>
		<datafield tag="245" ind1="1" ind2="0">
			<subfield code="a">Love cools /</subfield>
			<subfield code="c">W. Edward Blain.</subfield>
		</datafield>
		<datafield tag="260" ind1=" " ind2=" ">
			<subfield code="a">New York :</subfield>
			<subfield code="b">Putnam,</subfield>
			<subfield code="c">c1992.</subfield>
		</datafield>
		<datafield tag="300" ind1=" " ind2=" ">
			<subfield code="a">288 p. ;</subfield>
			<subfield code="c">23 cm.</subfield>
		</datafield>
		<datafield tag="650" ind1=" " ind2="0">
			<subfield code="a">Private schools</subfield>
			<subfield code="z">Virginia</subfield>
			<subfield code="x">Fiction.</subfield>
		</datafield>
		<datafield tag="651" ind1=" " ind2="0">
			<subfield code="a">Virginia</subfield>
			<subfield code="x">Fiction.</subfield>
		</datafield>
		<datafield tag="655" ind1=" " ind2="7">
			<subfield code="a">Detective and mystery stories.</subfield>
			<subfield code="2">gsafd</subfield>
		</datafield>
		<datafield tag="949" ind1=" " ind2=" ">
			<subfield code="a">TATC</subfield>
			<subfield code="b">FIC</subfield>
			<subfield code="c">PS3552.L3448L68 1992</subfield>
			<subfield code="g">22623000007412</subfield>
			<subfield code="h"/>
			<subfield code="i"/>
			<subfield code="n">1</subfield>
			<subfield code="p"/>
			<subfield code="q">GOOD </subfield>
		</datafield>
	</record>