
	<record>
		<leader>00743pam a2200217 a 4500</leader>
		<controlfield tag="001">991000159439704574</controlfield>
		<controlfield tag="005">20150706105318.0</controlfield>
		<controlfield tag="008">881104s1989    caua          00010 eng  </controlfield>
		<datafield tag="010" ind1=" " ind2=" ">
			<subfield code="a">   88032229 </subfield>
		</datafield>
		<datafield tag="020" ind1=" " ind2=" ">
			<subfield code="a">0931055644</subfield>
		</datafield>
		<datafield tag="035" ind1=" " ind2=" ">
			<subfield code="a">(TT@)15943-01gali_srtc</subfield>
		</datafield>
		<datafield tag="035" ind1=" " ind2=" ">
			<subfield code="a">88032229</subfield>
			<subfield code="9">ExL</subfield>
		</datafield>
		<datafield tag="039" ind1=" " ind2=" ">
			<subfield code="a">15943</subfield>
		</datafield>
		<datafield tag="050" ind1="0" ind2="0">
			<subfield code="a">HQ75.53</subfield>
			<subfield code="b">.D35 1989</subfield>
		</datafield>
		<datafield tag="100" ind1="1" ind2=" ">
			<subfield code="a">Dahl, Judy,</subfield>
			<subfield code="d">1948-</subfield>
		</datafield>
		<datafield tag="245" ind1="1" ind2="0">
			<subfield code="a">River of promise :</subfield>
			<subfield code="b">two women's story of love and adoption /</subfield>
			<subfield code="c">written by Judy Dahl.</subfield>
		</datafield>
		<datafield tag="260" ind1=" " ind2=" ">
			<subfield code="a">San Diego, Calif. :</subfield>
			<subfield code="b">LuraMedia,</subfield>
			<subfield code="c">c1989.</subfield>
		</datafield>
		<datafield tag="300" ind1=" " ind2=" ">
			<subfield code="a">77 p. :</subfield>
			<subfield code="b">ill. ;</subfield>
			<subfield code="c">23 cm.</subfield>
		</datafield>
		<datafield tag="490" ind1="1" ind2=" ">
			<subfield code="a">The Women's series</subfield>
		</datafield>
		<datafield tag="650" ind1=" " ind2="0">
			<subfield code="a">Lesbian mothers</subfield>
			<subfield code="z">United States</subfield>
			<subfield code="x">Case studies.</subfield>
		</datafield>
		<datafield tag="650" ind1=" " ind2="0">
			<subfield code="a">Adoption</subfield>
			<subfield code="z">United States</subfield>
			<subfield code="x">Case studies.</subfield>
		</datafield>
		<datafield tag="830" ind1=" " ind2="0">
			<subfield code="a">Women's series (San Diego, Calif.)</subfield>
		</datafield>
		<datafield tag="949" ind1=" " ind2=" ">
			<subfield code="a">TTI</subfield>
			<subfield code="c">HQ75.53</subfield>
			<subfield code="d">.D35 1989</subfield>
			<subfield code="g">30407100099846</subfield>
			<subfield code="p">10.00</subfield>
		</datafield>
	</record>