
	<record>
		<leader>01276cam a22003493a 4500</leader>
		<controlfield tag="001">991000162659704574</controlfield>
		<controlfield tag="005">20150706162023.0</controlfield>
		<controlfield tag="008">871130s1987    onc           000 1 eng d</controlfield>
		<datafield tag="010" ind1=" " ind2=" ">
			<subfield code="a">  2007566825</subfield>
		</datafield>
		<datafield tag="020" ind1=" " ind2=" ">
			<subfield code="a">0553265741 (pbk) :</subfield>
			<subfield code="c">$3.95</subfield>
		</datafield>
		<datafield tag="020" ind1=" " ind2=" ">
			<subfield code="a">9780553265743 (pbk)</subfield>
		</datafield>
		<datafield tag="035" ind1=" " ind2=" ">
			<subfield code="a">(TT@)16265-01gali_srtc</subfield>
		</datafield>
		<datafield tag="035" ind1=" " ind2=" ">
			<subfield code="a">(DLC)2007566825</subfield>
			<subfield code="9">ExL</subfield>
		</datafield>
		<datafield tag="035" ind1=" " ind2=" ">
			<subfield code="a">(OCoLC)ocm17150369</subfield>
		</datafield>
		<datafield tag="039" ind1=" " ind2=" ">
			<subfield code="a">16265</subfield>
		</datafield>
		<datafield tag="040" ind1=" " ind2=" ">
			<subfield code="a">MNL</subfield>
			<subfield code="c">MNL</subfield>
			<subfield code="d">JQH</subfield>
			<subfield code="d">SLC</subfield>
			<subfield code="d">OCLCQ</subfield>
			<subfield code="d">BAKER</subfield>
			<subfield code="d">BTCTA</subfield>
			<subfield code="d">DLC</subfield>
		</datafield>
		<datafield tag="042" ind1=" " ind2=" ">
			<subfield code="a">lccopycat</subfield>
		</datafield>
		<datafield tag="050" ind1="0" ind2="0">
			<subfield code="a">CPB Box no. 2537 vol. 5</subfield>
		</datafield>
		<datafield tag="100" ind1="1" ind2=" ">
			<subfield code="a">Roberts, Nora.</subfield>
		</datafield>
		<datafield tag="245" ind1="1" ind2="0">
			<subfield code="a">Sacred sins /</subfield>
			<subfield code="c">Nora Roberts.</subfield>
		</datafield>
		<datafield tag="260" ind1=" " ind2=" ">
			<subfield code="a">Toronto ;</subfield>
			<subfield code="a">New York :</subfield>
			<subfield code="b">Bantam,</subfield>
			<subfield code="c">c1987.</subfield>
		</datafield>
		<datafield tag="300" ind1=" " ind2=" ">
			<subfield code="a">314 p. ;</subfield>
			<subfield code="c">18 cm.</subfield>
		</datafield>
		<datafield tag="500" ind1=" " ind2=" ">
			<subfield code="a">"Bantam Books."</subfield>
		</datafield>
		<datafield tag="590" ind1=" " ind2=" ">
			<subfield code="a">Gift</subfield>
			<subfield code="b">5.00</subfield>
			<subfield code="c">4/15/2014</subfield>
		</datafield>
		<datafield tag="655" ind1=" " ind2="7">
			<subfield code="a">Love stories.</subfield>
			<subfield code="2">gsafd</subfield>
		</datafield>
		<datafield tag="655" ind1=" " ind2="7">
			<subfield code="a">Romantic suspense fiction.</subfield>
			<subfield code="2">gsafd</subfield>
		</datafield>
		<datafield tag="655" ind1=" " ind2="7">
			<subfield code="a">Suspense fiction.</subfield>
			<subfield code="2">gsafd</subfield>
		</datafield>
		<datafield tag="710" ind1="2" ind2=" ">
			<subfield code="a">Copyright Paperback Collection (Library of Congress)</subfield>
			<subfield code="5">DLC.</subfield>
		</datafield>
		<datafield tag="856" ind1="4" ind2="2">
			<subfield code="3">Contributor biographical information</subfield>
			<subfield code="u">http://www.loc.gov/catdir/enhancements/fy0710/2007566825-b.html</subfield>
		</datafield>
		<datafield tag="856" ind1="4" ind2="2">
			<subfield code="3">Publisher description</subfield>
			<subfield code="u">http://www.loc.gov/catdir/enhancements/fy0710/2007566825-d.html</subfield>
		</datafield>
		<datafield tag="856" ind1="4" ind2="1">
			<subfield code="3">Sample text</subfield>
			<subfield code="u">http://www.loc.gov/catdir/enhancements/fy0710/2007566825-s.html</subfield>
		</datafield>
		<datafield tag="949" ind1=" " ind2=" ">
			<subfield code="a">TTIPB</subfield>
			<subfield code="c">ROMANCE</subfield>
			<subfield code="g">30407100520221</subfield>
			<subfield code="p">5.00</subfield>
		</datafield>
	</record>