
	<record>
		<leader>00258nam a2200121uu 4500</leader>
		<controlfield tag="001">991000163169704574</controlfield>
		<controlfield tag="005">20121220131851.0</controlfield>
		<controlfield tag="008">namuu  1988eng</controlfield>
		<datafield tag="020" ind1=" " ind2=" ">
			<subfield code="a">0553587811</subfield>
		</datafield>
		<datafield tag="035" ind1=" " ind2=" ">
			<subfield code="a">(TT@)16316-01gali_srtc</subfield>
		</datafield>
		<datafield tag="035" ind1=" " ind2=" ">
			<subfield code="a">otf00005178</subfield>
			<subfield code="9">ExL</subfield>
		</datafield>
		<datafield tag="039" ind1=" " ind2=" ">
			<subfield code="a">16316</subfield>
		</datafield>
		<datafield tag="100" ind1="1" ind2=" ">
			<subfield code="a">Rice, Luanne.</subfield>
		</datafield>
		<datafield tag="245" ind1="1" ind2="0">
			<subfield code="a">Crazy in love</subfield>
		</datafield>
		<datafield tag="949" ind1="1" ind2=" ">
			<subfield code="a">MLTP</subfield>
			<subfield code="g">30858100072888</subfield>
			<subfield code="p">1.00</subfield>
		</datafield>
	</record>