
	<record>
		<leader>01839nam a2200397 a 4500</leader>
		<controlfield tag="001">991000171739704574</controlfield>
		<controlfield tag="005">20001006163834.0</controlfield>
		<controlfield tag="006">m        u        </controlfield>
		<controlfield tag="007">cr cn|||||||||</controlfield>
		<controlfield tag="008">001006s1995    pau     sb    100 0 eng d</controlfield>
		<datafield tag="010" ind1=" " ind2=" ">
			<subfield code="z">94060876</subfield>
		</datafield>
		<datafield tag="020" ind1=" " ind2=" ">
			<subfield code="a">0585021406 (electronic bk.) :</subfield>
			<subfield code="c">$22.00</subfield>
		</datafield>
		<datafield tag="020" ind1=" " ind2=" ">
			<subfield code="z">0940866412</subfield>
		</datafield>
		<datafield tag="035" ind1=" " ind2=" ">
			<subfield code="a">(TT@)17173-01gali_srtc</subfield>
		</datafield>
		<datafield tag="035" ind1=" " ind2=" ">
			<subfield code="a">nL693</subfield>
			<subfield code="9">ExL</subfield>
		</datafield>
		<datafield tag="035" ind1=" " ind2=" ">
			<subfield code="a">693</subfield>
			<subfield code="b">(N$T)</subfield>
		</datafield>
		<datafield tag="039" ind1=" " ind2=" ">
			<subfield code="a">17173</subfield>
		</datafield>
		<datafield tag="040" ind1=" " ind2=" ">
			<subfield code="a">N$T</subfield>
			<subfield code="c">N$T</subfield>
		</datafield>
		<datafield tag="043" ind1=" " ind2=" ">
			<subfield code="a">n-us---</subfield>
			<subfield code="a">n-us-ma</subfield>
		</datafield>
		<datafield tag="050" ind1="1" ind2="4">
			<subfield code="a">LC501</subfield>
			<subfield code="b">.L68 1995eb</subfield>
		</datafield>
		<datafield tag="082" ind1="0" ind2="4">
			<subfield code="a">377/.82</subfield>
			<subfield code="2">20</subfield>
		</datafield>
		<datafield tag="245" ind1="0" ind2="0">
			<subfield code="a">Love of learning</subfield>
			<subfield code="h">[computer file] :</subfield>
			<subfield code="b">desire for justice : undergraduate education and the option for the poor /</subfield>
			<subfield code="c">edited by William Reiser.</subfield>
		</datafield>
		<datafield tag="260" ind1=" " ind2=" ">
			<subfield code="a">Scranton, PA :</subfield>
			<subfield code="b">University of Scranton Press,</subfield>
			<subfield code="c">c1995.</subfield>
		</datafield>
		<datafield tag="300" ind1=" " ind2=" ">
			<subfield code="a">138 p. ;</subfield>
			<subfield code="c">24 cm.</subfield>
		</datafield>
		<datafield tag="500" ind1=" " ind2=" ">
			<subfield code="a">Papers presented at a symposium held at Holy Cross College during the 1993-94 academic year.</subfield>
		</datafield>
		<datafield tag="504" ind1=" " ind2=" ">
			<subfield code="a">Includes bibliographical references (p. 137-138).</subfield>
		</datafield>
		<datafield tag="533" ind1=" " ind2=" ">
			<subfield code="a">Electronic reproduction.</subfield>
			<subfield code="b">Boulder, Colo. :</subfield>
			<subfield code="c">NetLibrary,</subfield>
			<subfield code="d">2000.</subfield>
			<subfield code="n">Available via World Wide Web.</subfield>
			<subfield code="n">Access may be limited to NetLibrary affiliated libraries.</subfield>
		</datafield>
		<datafield tag="650" ind1=" " ind2="0">
			<subfield code="a">Catholic universities and colleges</subfield>
			<subfield code="x">Social aspects</subfield>
			<subfield code="z">United States</subfield>
			<subfield code="x">Congresses.</subfield>
		</datafield>
		<datafield tag="650" ind1=" " ind2="0">
			<subfield code="a">Christianity and justice</subfield>
			<subfield code="x">Catholic Church</subfield>
			<subfield code="x">Study and teaching (Higher)</subfield>
			<subfield code="z">United States</subfield>
			<subfield code="x">Congresses.</subfield>
		</datafield>
		<datafield tag="650" ind1=" " ind2="0">
			<subfield code="a">Poor</subfield>
			<subfield code="x">Education (Higher)</subfield>
			<subfield code="z">United States</subfield>
			<subfield code="x">Congresses.</subfield>
		</datafield>
		<datafield tag="650" ind1=" " ind2="0">
			<subfield code="a">Educational equalization</subfield>
			<subfield code="z">United States</subfield>
			<subfield code="x">Congresses.</subfield>
		</datafield>
		<datafield tag="650" ind1=" " ind2="0">
			<subfield code="a">Liberation theology</subfield>
			<subfield code="x">Congresses.</subfield>
		</datafield>
		<datafield tag="610" ind1="2" ind2="0">
			<subfield code="a">College of the Holy Cross (Worcester, Mass.)</subfield>
			<subfield code="x">Congresses.</subfield>
		</datafield>
		<datafield tag="655" ind1=" " ind2="7">
			<subfield code="a">Electronic books.</subfield>
			<subfield code="2">local</subfield>
		</datafield>
		<datafield tag="700" ind1="1" ind2=" ">
			<subfield code="a">Reiser, William E.</subfield>
		</datafield>
		<datafield tag="710" ind1="2" ind2=" ">
			<subfield code="a">NetLibrary, Inc.</subfield>
		</datafield>
		<datafield tag="776" ind1="0" ind2=" ">
			<subfield code="c">Original</subfield>
			<subfield code="w">(DLC) 94060876</subfield>
		</datafield>
		<datafield tag="856" ind1="4" ind2=" ">
			<subfield code="3">Bibliographic record display:</subfield>
			<subfield code="u">http://purl.galileo.usg.edu/gdir?code=zmnl&amp;id=693</subfield>
			<subfield code="z">An electronic book accessible through GALILEO; click here</subfield>
		</datafield>
	</record>