
	<record>
		<leader>00742pam a22002290a 4500</leader>
		<controlfield tag="001">991000232819704574</controlfield>
		<controlfield tag="005">20150706134229.0</controlfield>
		<controlfield tag="008">860811s1986    onca   j      0001f eng c</controlfield>
		<datafield tag="015" ind1=" " ind2=" ">
			<subfield code="a">C86094624X</subfield>
		</datafield>
		<datafield tag="016" ind1=" " ind2=" ">
			<subfield code="a"> 86094624X  </subfield>
		</datafield>
		<datafield tag="020" ind1=" " ind2=" ">
			<subfield code="a">0920668364 (bound) :</subfield>
			<subfield code="c">$12.95</subfield>
		</datafield>
		<datafield tag="020" ind1=" " ind2=" ">
			<subfield code="a">0920668372 (pbk.) :</subfield>
			<subfield code="c">$4.95</subfield>
		</datafield>
		<datafield tag="035" ind1=" " ind2=" ">
			<subfield code="a">(TT@)23281-01gali_srtc</subfield>
		</datafield>
		<datafield tag="035" ind1=" " ind2=" ">
			<subfield code="a">can86094624</subfield>
			<subfield code="9">ExL</subfield>
		</datafield>
		<datafield tag="039" ind1=" " ind2=" ">
			<subfield code="a">23281</subfield>
		</datafield>
		<datafield tag="040" ind1=" " ind2=" ">
			<subfield code="a">CaOTU</subfield>
			<subfield code="b">eng</subfield>
			<subfield code="c">CaOTU</subfield>
			<subfield code="d">CaOONL</subfield>
		</datafield>
		<datafield tag="090" ind1=" " ind2="0">
			<subfield code="a">PZ7.M86</subfield>
			<subfield code="b">Lo 1986</subfield>
		</datafield>
		<datafield tag="100" ind1="1" ind2="0">
			<subfield code="a">Munsch, Robert N.,</subfield>
			<subfield code="d">1945-</subfield>
		</datafield>
		<datafield tag="245" ind1="1" ind2="0">
			<subfield code="a">Love you forever /</subfield>
			<subfield code="c">written by Robert Munsch ; illustrated by Sheila McGraw.</subfield>
		</datafield>
		<datafield tag="260" ind1="0" ind2=" ">
			<subfield code="a">Scarborough, Ont. :</subfield>
			<subfield code="b">Firefly Books,</subfield>
			<subfield code="c">1986.</subfield>
		</datafield>
		<datafield tag="300" ind1=" " ind2=" ">
			<subfield code="a">[32] p. :</subfield>
			<subfield code="b">col. ill. ;</subfield>
			<subfield code="c">21 cm.</subfield>
		</datafield>
		<datafield tag="590" ind1=" " ind2=" ">
			<subfield code="a">Gift</subfield>
			<subfield code="b">12/10/07</subfield>
		</datafield>
		<datafield tag="700" ind1="1" ind2="0">
			<subfield code="a">McGraw, Sheila.</subfield>
		</datafield>
		<datafield tag="949" ind1=" " ind2=" ">
			<subfield code="a">TTI</subfield>
			<subfield code="c">PZ7.M86</subfield>
			<subfield code="d">Lo 1986 Easy</subfield>
			<subfield code="g">30407100413229</subfield>
			<subfield code="p">4.95</subfield>
		</datafield>
	</record>