
	<record>
		<leader>01073cam a2200325 i 4500</leader>
		<controlfield tag="001">991000235819704574</controlfield>
		<controlfield tag="005">20151005105435.0</controlfield>
		<controlfield tag="008">751103s1975    enk      b    001 0 eng  </controlfield>
		<datafield tag="010" ind1=" " ind2=" ">
			<subfield code="a">   75327777 </subfield>
		</datafield>
		<datafield tag="015" ind1=" " ind2=" ">
			<subfield code="a">GB***</subfield>
		</datafield>
		<datafield tag="020" ind1=" " ind2=" ">
			<subfield code="a">0198120680 :</subfield>
			<subfield code="c">£8.00</subfield>
		</datafield>
		<datafield tag="035" ind1=" " ind2=" ">
			<subfield code="a">(TT@)23581-01gali_srtc</subfield>
		</datafield>
		<datafield tag="035" ind1=" " ind2=" ">
			<subfield code="a">(DLC)75327777</subfield>
			<subfield code="9">ExL</subfield>
		</datafield>
		<datafield tag="039" ind1=" " ind2=" ">
			<subfield code="a">23581</subfield>
		</datafield>
		<datafield tag="040" ind1=" " ind2=" ">
			<subfield code="a">DLC</subfield>
			<subfield code="c">DLC</subfield>
			<subfield code="d">DLC</subfield>
		</datafield>
		<datafield tag="043" ind1=" " ind2=" ">
			<subfield code="a">e-uk---</subfield>
		</datafield>
		<datafield tag="050" ind1="0" ind2="0">
			<subfield code="a">PR4037</subfield>
			<subfield code="b">.B8</subfield>
		</datafield>
		<datafield tag="082" ind1="0" ind2="0">
			<subfield code="a">823/.7</subfield>
		</datafield>
		<datafield tag="100" ind1="1" ind2=" ">
			<subfield code="a">Butler, Marilyn.</subfield>
		</datafield>
		<datafield tag="245" ind1="1" ind2="0">
			<subfield code="a">Jane Austen and the war of ideas /</subfield>
			<subfield code="c">Marilyn Butler.</subfield>
		</datafield>
		<datafield tag="260" ind1=" " ind2=" ">
			<subfield code="a">Oxford :</subfield>
			<subfield code="b">Clarendon Press,</subfield>
			<subfield code="c">1975.</subfield>
		</datafield>
		<datafield tag="300" ind1=" " ind2=" ">
			<subfield code="a">310 p. ;</subfield>
			<subfield code="c">22 cm.</subfield>
		</datafield>
		<datafield tag="504" ind1=" " ind2=" ">
			<subfield code="a">Includes bibliographical references and index.</subfield>
		</datafield>
		<datafield tag="590" ind1=" " ind2=" ">
			<subfield code="a">Gift</subfield>
			<subfield code="b">$25.00</subfield>
			<subfield code="c">9.23.2015</subfield>
		</datafield>
		<datafield tag="600" ind1="1" ind2="0">
			<subfield code="a">Austen, Jane,</subfield>
			<subfield code="d">1775-1817</subfield>
			<subfield code="x">Criticism and interpretation.</subfield>
		</datafield>
		<datafield tag="650" ind1=" " ind2="0">
			<subfield code="a">English fiction</subfield>
			<subfield code="y">18th century</subfield>
			<subfield code="x">History and criticism.</subfield>
		</datafield>
		<datafield tag="651" ind1=" " ind2="0">
			<subfield code="a">Great Britain</subfield>
			<subfield code="x">Intellectual life</subfield>
			<subfield code="y">18th century.</subfield>
		</datafield>
		<datafield tag="650" ind1=" " ind2="0">
			<subfield code="a">Women and literature</subfield>
			<subfield code="z">England</subfield>
			<subfield code="x">History</subfield>
			<subfield code="y">19th century.</subfield>
		</datafield>
		<datafield tag="650" ind1=" " ind2="0">
			<subfield code="a">Literature.</subfield>
		</datafield>
		<datafield tag="650" ind1=" " ind2="0">
			<subfield code="a">Love stories, English</subfield>
			<subfield code="x">History and criticism.</subfield>
		</datafield>
		<datafield tag="949" ind1=" " ind2=" ">
			<subfield code="a">TTI</subfield>
			<subfield code="c">PR4037</subfield>
			<subfield code="d">.B8</subfield>
			<subfield code="g">30858100108021</subfield>
			<subfield code="p">25.00</subfield>
		</datafield>
	</record>