
	<record>
		<leader>02357cam a22002531  4500</leader>
		<controlfield tag="001">991000236109704574</controlfield>
		<controlfield tag="005">20161130174818.0</controlfield>
		<controlfield tag="008">900928s1969    nyu           00010 eng  </controlfield>
		<datafield tag="010" ind1=" " ind2=" ">
			<subfield code="a">   77107238 //r953</subfield>
		</datafield>
		<datafield tag="020" ind1=" " ind2=" ">
			<subfield code="c">$6.95</subfield>
		</datafield>
		<datafield tag="035" ind1=" " ind2=" ">
			<subfield code="a">(TT@)23610-01gali_srtc</subfield>
		</datafield>
		<datafield tag="035" ind1=" " ind2=" ">
			<subfield code="a">(DLC)77107238 //r953</subfield>
			<subfield code="9">ExL</subfield>
		</datafield>
		<datafield tag="039" ind1=" " ind2=" ">
			<subfield code="a">23610</subfield>
		</datafield>
		<datafield tag="040" ind1=" " ind2=" ">
			<subfield code="a">DLC</subfield>
			<subfield code="c">DLC</subfield>
			<subfield code="d">DLC</subfield>
		</datafield>
		<datafield tag="050" ind1="0" ind2="0">
			<subfield code="a">PZ3.P835</subfield>
			<subfield code="b">Tal 3</subfield>
			<subfield code="a">PS2649.P5</subfield>
		</datafield>
		<datafield tag="082" ind1="0" ind2="0">
			<subfield code="a">813/.5/2</subfield>
		</datafield>
		<datafield tag="100" ind1="1" ind2="0">
			<subfield code="a">Henry, O.,</subfield>
			<subfield code="d">1862-1910.</subfield>
		</datafield>
		<datafield tag="245" ind1="1" ind2="0">
			<subfield code="a">Tales of O. Henry.</subfield>
		</datafield>
		<datafield tag="260" ind1="0" ind2=" ">
			<subfield code="a">Garden City, N.Y.,</subfield>
			<subfield code="b">Doubleday</subfield>
			<subfield code="c">[1969]</subfield>
		</datafield>
		<datafield tag="300" ind1=" " ind2=" ">
			<subfield code="a">viii, 565 p.</subfield>
			<subfield code="c">22 cm.</subfield>
		</datafield>
		<datafield tag="505" ind1="0" ind2="0">
			<subfield code="t">The Gift of the Magi -- </subfield>
			<subfield code="t">A Cosmopolite in a Cafe -- </subfield>
			<subfield code="t">The Skylight Room -- </subfield>
			<subfield code="t">Man About Town -- </subfield>
			<subfield code="t">The Cop and the Anthem -- </subfield>
			<subfield code="t">The Love-Philtre of Ikey Schoenstein -- </subfield>
			<subfield code="t">Mammon and the Archer -- </subfield>
			<subfield code="t">Springtime a la Carte -- </subfield>
			<subfield code="t">From the Cabby's Seat -- </subfield>
			<subfield code="t">An Unfinished Story -- </subfield>
			<subfield code="t">The Romance of a Busy Broker -- </subfield>
			<subfield code="t"> After Twenty Years -- </subfield>
			<subfield code="t">The Furnished Room -- </subfield>
			<subfield code="t">Hearts and Crosses -- </subfield>
			<subfield code="t">The Ransom of Mack -- </subfield>
			<subfield code="t"> Telemachus, Friend -- </subfield>
			<subfield code="t">The Handbook of Hymen -- </subfield>
			<subfield code="t">Hygeia at the Solito -- </subfield>
			<subfield code="t">The Hand that Riles the World -- </subfield>
			<subfield code="t">The Exact Science of Matrimony -- </subfield>
			<subfield code="t">Conscience in Art -- </subfield>
			<subfield code="t">Roads of Destiny -- </subfield>
			<subfield code="t">The Enchanted Profile -- </subfield>
			<subfield code="t">The Passing of Black Eagle -- </subfield>
			<subfield code="t">A Retrieved Reformation -- </subfield>
			<subfield code="t">Friends in San Rosario -- </subfield>
			<subfield code="t">The Renaissance at Charleroi -- </subfield>
			<subfield code="t">Whistling Dick's Christmas Stocking -- </subfield>
			<subfield code="t">The Lotus and the Bottle -- </subfield>
			<subfield code="t">Shoes -- </subfield>
			<subfield code="t">Ships -- </subfield>
			<subfield code="t">Masters of Arts -- </subfield>
			<subfield code="t">The Rose of Dixie -- </subfield>
			<subfield code="t">A Poor Rule -- </subfield>
			<subfield code="t">The Last of the Troubadours -- </subfield>
			<subfield code="t">Makes the Whole World Kin -- </subfield>
			<subfield code="t">Jimmy Hayes and Muriel -- </subfield>
			<subfield code="t">The Adventures of Shamrock Jolnes -- </subfield>
			<subfield code="t">The Friendly Call -- </subfield>
			<subfield code="t">Sound and Fury -- </subfield>
			<subfield code="t">The Theory and the Hound -- </subfield>
			<subfield code="t">The Ransom of Red Chief -- </subfield>
			<subfield code="t">The Whirligig of Life -- </subfield>
			<subfield code="t">A Blackjack Bargainer -- </subfield>
			<subfield code="t">One Dollar's Worth -- </subfield>
			<subfield code="t">A Lickpenny Lover -- </subfield>
			<subfield code="t">Dougherty's Eye-Opener -- </subfield>
			<subfield code="t">The Defeat of the City -- </subfield>
			<subfield code="t">The Shocks of Doom -- </subfield>
			<subfield code="t">Squaring the Circle -- </subfield>
			<subfield code="t">The Memento -- </subfield>
			<subfield code="t">The Trimmed Lamp -- </subfield>
			<subfield code="t">Two Thanksgiving Day Gentlemen -- </subfield>
			<subfield code="t">The Making of a New Yorker -- </subfield>
			<subfield code="t">A Harlem Tragedy -- </subfield>
			<subfield code="t">The Last Leaf -- </subfield>
			<subfield code="t">The Count and the Wedding Guest -- </subfield>
			<subfield code="t"/>
			<subfield code="T">he Robe of Peace -- </subfield>
			<subfield code="t">A Ramble in Aphasia -- </subfield>
			<subfield code="t">A Night in New Arabia -- </subfield>
			<subfield code="t">Proof of the Pudding -- </subfield>
			<subfield code="t">Hearts and Hands.</subfield>
		</datafield>
		<datafield tag="590" ind1=" " ind2=" ">
			<subfield code="a">Gift PL</subfield>
			<subfield code="b">20.00</subfield>
			<subfield code="c">11.14.2016</subfield>
		</datafield>
		<datafield tag="651" ind1=" " ind2="0">
			<subfield code="a">United States</subfield>
			<subfield code="x">Social life and customs</subfield>
			<subfield code="x">Fiction.</subfield>
		</datafield>
		<datafield tag="650" ind1=" " ind2="0">
			<subfield code="a">Literature.</subfield>
		</datafield>
		<datafield tag="949" ind1=" " ind2=" ">
			<subfield code="a">TTI</subfield>
			<subfield code="c">PS2649</subfield>
			<subfield code="d">.P5 1969</subfield>
			<subfield code="g">30858100131809</subfield>
			<subfield code="p">20.00</subfield>
		</datafield>
	</record>