
	<record>
		<leader>00929cam a2200277 a 4500</leader>
		<controlfield tag="001">991000236569704574</controlfield>
		<controlfield tag="005">20150706104922.0</controlfield>
		<controlfield tag="008">790518s1978    nyu      b    00010 eng  </controlfield>
		<datafield tag="010" ind1=" " ind2=" ">
			<subfield code="a">   79015410 //r912</subfield>
		</datafield>
		<datafield tag="020" ind1=" " ind2=" ">
			<subfield code="a">0671250671 (pbk.)</subfield>
		</datafield>
		<datafield tag="035" ind1=" " ind2=" ">
			<subfield code="a">(TT@)23656-01gali_srtc</subfield>
		</datafield>
		<datafield tag="035" ind1=" " ind2=" ">
			<subfield code="a">79015410 //r912</subfield>
			<subfield code="9">ExL</subfield>
		</datafield>
		<datafield tag="039" ind1=" " ind2=" ">
			<subfield code="a">23656</subfield>
		</datafield>
		<datafield tag="040" ind1=" " ind2=" ">
			<subfield code="a">DLC</subfield>
			<subfield code="c">DLC</subfield>
			<subfield code="d">DLC</subfield>
		</datafield>
		<datafield tag="050" ind1="0" ind2="0">
			<subfield code="a">BF637.S4</subfield>
			<subfield code="b">P43 1978</subfield>
		</datafield>
		<datafield tag="100" ind1="1" ind2=" ">
			<subfield code="a">Peck, M. Scott</subfield>
			<subfield code="q">(Morgan Scott),</subfield>
			<subfield code="d">1936-</subfield>
		</datafield>
		<datafield tag="245" ind1="1" ind2="4">
			<subfield code="a">The road less traveled :</subfield>
			<subfield code="b">a new psychology of love, traditional values, and spiritual growth /</subfield>
			<subfield code="c">M. Scott Peck.</subfield>
		</datafield>
		<datafield tag="260" ind1=" " ind2=" ">
			<subfield code="a">New York :</subfield>
			<subfield code="b">Simon and Schuster,</subfield>
			<subfield code="c">c1978.</subfield>
		</datafield>
		<datafield tag="300" ind1=" " ind2=" ">
			<subfield code="a">316 p. ;</subfield>
			<subfield code="c">21 cm.</subfield>
		</datafield>
		<datafield tag="490" ind1="0" ind2=" ">
			<subfield code="a">A Touchstone book</subfield>
		</datafield>
		<datafield tag="504" ind1=" " ind2=" ">
			<subfield code="a">Includes bibliographical references.</subfield>
		</datafield>
		<datafield tag="650" ind1=" " ind2="0">
			<subfield code="a">Self-actualization (Psychology)</subfield>
		</datafield>
		<datafield tag="650" ind1=" " ind2="0">
			<subfield code="a">Maturation (Psychology)</subfield>
		</datafield>
		<datafield tag="650" ind1=" " ind2="0">
			<subfield code="a">Interpersonal relations.</subfield>
		</datafield>
		<datafield tag="650" ind1=" " ind2="0">
			<subfield code="a">Love.</subfield>
		</datafield>
		<datafield tag="650" ind1=" " ind2="0">
			<subfield code="a">Values.</subfield>
		</datafield>
		<datafield tag="650" ind1=" " ind2="0">
			<subfield code="a">Spirituality.</subfield>
		</datafield>
		<datafield tag="949" ind1=" " ind2=" ">
			<subfield code="a">TTI</subfield>
			<subfield code="c">BF637.S4</subfield>
			<subfield code="d">P43 1978</subfield>
			<subfield code="g">30407100158709</subfield>
			<subfield code="n">Copy 2</subfield>
			<subfield code="p">10.00</subfield>
		</datafield>
	</record>