
	<record>
		<leader>00684cam a2200217 a 4500</leader>
		<controlfield tag="001">991000239839704574</controlfield>
		<controlfield tag="005">20150706105125.0</controlfield>
		<controlfield tag="008">850718s1986    nyub          00011 eng  </controlfield>
		<datafield tag="010" ind1=" " ind2=" ">
			<subfield code="a">   85043157 //r92</subfield>
		</datafield>
		<datafield tag="020" ind1=" " ind2=" ">
			<subfield code="a">0446512931</subfield>
		</datafield>
		<datafield tag="035" ind1=" " ind2=" ">
			<subfield code="a">(TT@)23983-01gali_srtc</subfield>
		</datafield>
		<datafield tag="035" ind1=" " ind2=" ">
			<subfield code="a">85043157 //r92</subfield>
			<subfield code="9">ExL</subfield>
		</datafield>
		<datafield tag="039" ind1=" " ind2=" ">
			<subfield code="a">23983</subfield>
		</datafield>
		<datafield tag="040" ind1=" " ind2=" ">
			<subfield code="a">DLC</subfield>
			<subfield code="c">DLC</subfield>
			<subfield code="d">DLC</subfield>
			<subfield code="d">OCoLC</subfield>
		</datafield>
		<datafield tag="050" ind1="0" ind2="0">
			<subfield code="a">PS3557.R358</subfield>
			<subfield code="b">A75 1986</subfield>
		</datafield>
		<datafield tag="100" ind1="1" ind2=" ">
			<subfield code="a">Greeley, Andrew M.,</subfield>
			<subfield code="d">1928-</subfield>
		</datafield>
		<datafield tag="245" ind1="1" ind2="0">
			<subfield code="a">Angels of September /</subfield>
			<subfield code="c">Andrew M. Greeley.</subfield>
		</datafield>
		<datafield tag="260" ind1=" " ind2=" ">
			<subfield code="a">New York, NY :</subfield>
			<subfield code="b">Warner Books,</subfield>
			<subfield code="c">c1986.</subfield>
		</datafield>
		<datafield tag="300" ind1=" " ind2=" ">
			<subfield code="a">451 p. :</subfield>
			<subfield code="b">map ;</subfield>
			<subfield code="c">24 cm.</subfield>
		</datafield>
		<datafield tag="500" ind1=" " ind2=" ">
			<subfield code="a">"A Bernard Geis Associates book."</subfield>
		</datafield>
		<datafield tag="650" ind1=" " ind2="0">
			<subfield code="a">Love stories.</subfield>
		</datafield>
		<datafield tag="650" ind1=" " ind2="0">
			<subfield code="a">Detective and mystery stories.</subfield>
		</datafield>
		<datafield tag="949" ind1=" " ind2=" ">
			<subfield code="a">TTI</subfield>
			<subfield code="c">PS3557.R358</subfield>
			<subfield code="d">A75 1986</subfield>
			<subfield code="g">30407100086025</subfield>
			<subfield code="p">17.95</subfield>
		</datafield>
	</record>