
	<record>
		<leader>01089cam a2200325 a 4500</leader>
		<controlfield tag="001">991000240249704574</controlfield>
		<controlfield tag="005">20150706154440.0</controlfield>
		<controlfield tag="008">850529s1984    nyua   j      000 0 eng  </controlfield>
		<datafield tag="010" ind1=" " ind2=" ">
			<subfield code="a">   85159984 </subfield>
		</datafield>
		<datafield tag="020" ind1=" " ind2=" ">
			<subfield code="a">0671506811 :</subfield>
			<subfield code="c">$3.95</subfield>
		</datafield>
		<datafield tag="035" ind1=" " ind2=" ">
			<subfield code="a">(TT@)24024-01gali_srtc</subfield>
		</datafield>
		<datafield tag="035" ind1=" " ind2=" ">
			<subfield code="a">(DLC)85159984</subfield>
			<subfield code="9">ExL</subfield>
		</datafield>
		<datafield tag="039" ind1=" " ind2=" ">
			<subfield code="a">24024</subfield>
		</datafield>
		<datafield tag="040" ind1=" " ind2=" ">
			<subfield code="a">DLC</subfield>
			<subfield code="c">DLC</subfield>
			<subfield code="d">DLC</subfield>
		</datafield>
		<datafield tag="042" ind1=" " ind2=" ">
			<subfield code="a">lcac</subfield>
		</datafield>
		<datafield tag="050" ind1="0" ind2="0">
			<subfield code="a">BV4817</subfield>
			<subfield code="b">.F49 1984</subfield>
		</datafield>
		<datafield tag="082" ind1="0" ind2="0">
			<subfield code="a">242/.62</subfield>
			<subfield code="2">19</subfield>
		</datafield>
		<datafield tag="100" ind1="1" ind2=" ">
			<subfield code="a">Fitzgerald, Annie.</subfield>
		</datafield>
		<datafield tag="245" ind1="1" ind2="0">
			<subfield code="a">Dear God, kids rainbow /</subfield>
			<subfield code="c">by Annie Fitzgerald.</subfield>
		</datafield>
		<datafield tag="260" ind1=" " ind2=" ">
			<subfield code="a">New York :</subfield>
			<subfield code="b">Simon &amp; Schuster,</subfield>
			<subfield code="c">c1984.</subfield>
		</datafield>
		<datafield tag="300" ind1=" " ind2=" ">
			<subfield code="a">[28] p. :</subfield>
			<subfield code="b">chiefly col. ill. ;</subfield>
			<subfield code="c">16 cm.</subfield>
		</datafield>
		<datafield tag="500" ind1=" " ind2=" ">
			<subfield code="a">"A Little Simon book."</subfield>
		</datafield>
		<datafield tag="520" ind1=" " ind2=" ">
			<subfield code="a">Children talk about God's colorful creations, such as blue skies, red apples, and brown mud.</subfield>
		</datafield>
		<datafield tag="590" ind1=" " ind2=" ">
			<subfield code="a">Gift</subfield>
			<subfield code="b">8.99</subfield>
			<subfield code="c">12/9/13</subfield>
		</datafield>
		<datafield tag="650" ind1=" " ind2="0">
			<subfield code="a">God (Christianity)</subfield>
			<subfield code="x">Worship and love</subfield>
			<subfield code="v">Juvenile literature.</subfield>
		</datafield>
		<datafield tag="650" ind1=" " ind2="0">
			<subfield code="a">Providence and government of God</subfield>
			<subfield code="x">Christianity</subfield>
			<subfield code="v">Juvenile literature.</subfield>
		</datafield>
		<datafield tag="650" ind1=" " ind2="1">
			<subfield code="a">God.</subfield>
		</datafield>
		<datafield tag="650" ind1=" " ind2="1">
			<subfield code="a">Color.</subfield>
		</datafield>
		<datafield tag="650" ind1=" " ind2="0">
			<subfield code="a">Early childhood education.</subfield>
		</datafield>
		<datafield tag="650" ind1=" " ind2="0">
			<subfield code="a">Children's stories.</subfield>
		</datafield>
		<datafield tag="949" ind1=" " ind2=" ">
			<subfield code="a">CAM</subfield>
			<subfield code="c">BV4817</subfield>
			<subfield code="d">.F49 1984 Easy</subfield>
			<subfield code="g">30407100491910</subfield>
			<subfield code="p">8.99</subfield>
		</datafield>
	</record>