
	<record>
		<leader>00817pam a2200217 a 4500</leader>
		<controlfield tag="001">991000241149704574</controlfield>
		<controlfield tag="005">20150706105149.0</controlfield>
		<controlfield tag="008">860613s1986    nyu           00010 eng  </controlfield>
		<datafield tag="010" ind1=" " ind2=" ">
			<subfield code="a">   86017021 </subfield>
		</datafield>
		<datafield tag="020" ind1=" " ind2=" ">
			<subfield code="a">0399131582</subfield>
		</datafield>
		<datafield tag="035" ind1=" " ind2=" ">
			<subfield code="a">(TT@)24114-01gali_srtc</subfield>
		</datafield>
		<datafield tag="035" ind1=" " ind2=" ">
			<subfield code="a">86017021</subfield>
			<subfield code="9">ExL</subfield>
		</datafield>
		<datafield tag="039" ind1=" " ind2=" ">
			<subfield code="a">24114</subfield>
		</datafield>
		<datafield tag="050" ind1="0" ind2="0">
			<subfield code="a">HV5132</subfield>
			<subfield code="b">.P56 1986</subfield>
		</datafield>
		<datafield tag="100" ind1="1" ind2=" ">
			<subfield code="a">Pinkham, Mary Ellen.</subfield>
		</datafield>
		<datafield tag="245" ind1="1" ind2="0">
			<subfield code="a">How to stop the one you love from drinking :</subfield>
			<subfield code="b">I know because intervention worked for me /</subfield>
			<subfield code="c">Mary Ellen Pinkham with Families in Crisis, Inc.</subfield>
		</datafield>
		<datafield tag="260" ind1=" " ind2=" ">
			<subfield code="a">New York :</subfield>
			<subfield code="b">Putnam,</subfield>
			<subfield code="c">c1986.</subfield>
		</datafield>
		<datafield tag="300" ind1=" " ind2=" ">
			<subfield code="a">320 p. ;</subfield>
			<subfield code="c">24 cm.</subfield>
		</datafield>
		<datafield tag="650" ind1=" " ind2="0">
			<subfield code="a">Alcoholics</subfield>
			<subfield code="z">United States</subfield>
			<subfield code="x">Family relationships.</subfield>
		</datafield>
		<datafield tag="650" ind1=" " ind2="0">
			<subfield code="a">Alcoholics</subfield>
			<subfield code="x">Rehabilitation</subfield>
			<subfield code="z">United States.</subfield>
		</datafield>
		<datafield tag="650" ind1=" " ind2="0">
			<subfield code="a">Alcoholism</subfield>
			<subfield code="x">Treatment</subfield>
			<subfield code="z">United States.</subfield>
		</datafield>
		<datafield tag="710" ind1="2" ind2=" ">
			<subfield code="a">Families in Crisis, Inc. (Minneapolis, Minn.)</subfield>
		</datafield>
		<datafield tag="949" ind1=" " ind2=" ">
			<subfield code="a">TTI</subfield>
			<subfield code="c">HV5132</subfield>
			<subfield code="d">.P56 1986</subfield>
			<subfield code="g">30407100159889</subfield>
			<subfield code="p">15.00</subfield>
		</datafield>
	</record>