
	<record>
		<leader>00739cam a2200205 a 4500</leader>
		<controlfield tag="001">991000242359704574</controlfield>
		<controlfield tag="005">20150706105236.0</controlfield>
		<controlfield tag="008">871015s1988    pau           000 0 eng  </controlfield>
		<datafield tag="010" ind1=" " ind2=" ">
			<subfield code="a">   87029453 //r92</subfield>
		</datafield>
		<datafield tag="020" ind1=" " ind2=" ">
			<subfield code="a">0664240747 (soft)</subfield>
		</datafield>
		<datafield tag="035" ind1=" " ind2=" ">
			<subfield code="a">(TT@)24235-01gali_srtc</subfield>
		</datafield>
		<datafield tag="035" ind1=" " ind2=" ">
			<subfield code="a">87029453 //r92</subfield>
			<subfield code="9">ExL</subfield>
		</datafield>
		<datafield tag="039" ind1=" " ind2=" ">
			<subfield code="a">24235</subfield>
		</datafield>
		<datafield tag="040" ind1=" " ind2=" ">
			<subfield code="a">DLC</subfield>
			<subfield code="c">DLC</subfield>
			<subfield code="d">DLC</subfield>
		</datafield>
		<datafield tag="050" ind1="1" ind2="0">
			<subfield code="a">BV4909</subfield>
			<subfield code="b">.M87 1988</subfield>
		</datafield>
		<datafield tag="100" ind1="1" ind2=" ">
			<subfield code="a">Murphey, Cecil B.</subfield>
		</datafield>
		<datafield tag="245" ind1="1" ind2="0">
			<subfield code="a">Day to day :</subfield>
			<subfield code="b">spiritual help when someone you love has Alzheimer's /</subfield>
			<subfield code="c">Cecil Murphey.</subfield>
		</datafield>
		<datafield tag="260" ind1=" " ind2=" ">
			<subfield code="a">Philadelphia :</subfield>
			<subfield code="b">Westminster Press,</subfield>
			<subfield code="c">c1988.</subfield>
		</datafield>
		<datafield tag="300" ind1=" " ind2=" ">
			<subfield code="a">152 p. ;</subfield>
			<subfield code="c">20 cm.</subfield>
		</datafield>
		<datafield tag="650" ind1=" " ind2="0">
			<subfield code="a">Alzheimer's disease</subfield>
			<subfield code="x">Patients</subfield>
			<subfield code="x">Prayer-books and devotions</subfield>
			<subfield code="x">English.</subfield>
		</datafield>
		<datafield tag="650" ind1=" " ind2="0">
			<subfield code="a">Alzheimer's disease</subfield>
			<subfield code="x">Patients</subfield>
			<subfield code="x">Family relationships.</subfield>
		</datafield>
		<datafield tag="949" ind1=" " ind2=" ">
			<subfield code="a">TTI</subfield>
			<subfield code="c">BV4909</subfield>
			<subfield code="d">.M87 1988</subfield>
			<subfield code="g">30407100080432</subfield>
			<subfield code="n">c.1</subfield>
			<subfield code="p">25.00</subfield>
		</datafield>
	</record>