
	<record>
		<leader>08520cam a2200241 a 4500</leader>
		<controlfield tag="001">991000242979704574</controlfield>
		<controlfield tag="005">20150706105250.0</controlfield>
		<controlfield tag="008">870114s1988    mau           001 0 eng  </controlfield>
		<datafield tag="010" ind1=" " ind2=" ">
			<subfield code="a">   87080091 //r93</subfield>
		</datafield>
		<datafield tag="020" ind1=" " ind2=" ">
			<subfield code="a">0669148091</subfield>
		</datafield>
		<datafield tag="035" ind1=" " ind2=" ">
			<subfield code="a">(TT@)24297-01gali_srtc</subfield>
		</datafield>
		<datafield tag="035" ind1=" " ind2=" ">
			<subfield code="a">87080091 //r93</subfield>
			<subfield code="9">ExL</subfield>
		</datafield>
		<datafield tag="039" ind1=" " ind2=" ">
			<subfield code="a">24297</subfield>
		</datafield>
		<datafield tag="040" ind1=" " ind2=" ">
			<subfield code="a">DLC</subfield>
			<subfield code="c">DLC</subfield>
			<subfield code="d">DLC</subfield>
		</datafield>
		<datafield tag="050" ind1="0" ind2="0">
			<subfield code="a">PN6014</subfield>
			<subfield code="b">.H36 1988</subfield>
		</datafield>
		<datafield tag="245" ind1="0" ind2="4">
			<subfield code="a">The Heath introduction to literature /</subfield>
			<subfield code="c">[compiled by] Alice S. Landy.</subfield>
		</datafield>
		<datafield tag="250" ind1=" " ind2=" ">
			<subfield code="a">3rd ed.</subfield>
		</datafield>
		<datafield tag="260" ind1=" " ind2=" ">
			<subfield code="a">Lexington, Mass. :</subfield>
			<subfield code="b">D.C. Heath and Co.,</subfield>
			<subfield code="c">c1988.</subfield>
		</datafield>
		<datafield tag="300" ind1=" " ind2=" ">
			<subfield code="a">xxi, 1104 p. ;</subfield>
			<subfield code="c">21 cm.</subfield>
		</datafield>
		<datafield tag="500" ind1=" " ind2=" ">
			<subfield code="a">Includes indexes.</subfield>
		</datafield>
		<datafield tag="505" ind1="0" ind2=" ">
			<subfield code="a">FICTION AS NARRATIVE -- The Story-teller / Saki (H.H. Munro) -- If not higher / I.L. Peretz -- The Lottery / Shirley Jackson -- Young Goodman Brown / Nathaniel Hawthorne -- The Guest / Albert Camus -- The Open boat / Stephen Crane -- A Worn path / Eudora Welty -- Bartleby the Scrivener / Herman Melville -- The Secret sharer / Joseph Conrad -- The Yellow wall-paper / Charlotte Perkins Gilman -- Really, doesn't crime pay? / Alice Walker -- The Loudest voice / Grace Paley -- A Rose for Emily / William Faulkner -- Sonny's blues / James Baldwin -- Miss Brill / Katherine Mansfield -- Tell me a riddle / Tillie Olsen.; AN ANTHOLOGY OF SHORT STORIES -- The Purloined letter / Edgar Allan Poe -- Gooseberries / Anton Chekhov -- Araby / James Joyce -- The Bucket-rider / Franz Kafka -- The Rocking-horse winner / D.H. Lawrence -- Haircut / Ring Lardner -- I'm a fool / Sherwood Anderson -- The Jilting of Granny Weatherall / Katherine Anne Porter -- The Secret life of Walter Mitty / James Thurber -- The Snows of Kilimanjaro / Ernest Hemingway -- The South / Jorge Luis Borges -- The Man who was almost a man / Richard Wright -- A Tree, a rock, a cloud / Carson McCullers -- A Good man is hard to find / Flannery O'Connor -- The Balloon / Donald Barthelme -- The Swimmer / John Cheever.; POETRY -- Get up and bar the door ; Lord Randal ; Sir Patrick Spens ; The cherry-tree carol / Anonymous -- Ballad of Birmingham / Dudley Randall -- Elements of Poetry : It was a lover and his lass / William Shakespeare -- The Ruined maid / Thomas Hardy -- The Lamb ; the Tyger / William Blake -- Annable Lee / Edgar Allan Poe -- all in green went my love riding / e.e. cummings -- For a lady I know / Countee Cullen -- We real cool / Gwendolyn Brooks -- The World is too much with us / William Wordsworth -- In a station of the Metro / Ezra Pound -- Wind and silver / Amy lowell -- Six variations (part iii) / Denise Levertov.; Heat / H.D. (Hilde Doolittle) -- L'art 1910 / Ezra Pound -- The Dance / William Carlos Williams -- There's a certain slant of light ; Tell all the truth but tell it slant ; The Bustle in a houe ; Because I could not stop for death / Emily Dickinson -- She dwelt among the untrodden ways / William Wordsworth -- Upon Julia's clothes / Robert Herrick -- With Rue my heart is laden / A.E. Housman -- Love is not all : it is not meat nor drink / Edna St. Vincent Millay -- Cool tombs / Carl Sandberg -- These fought in any case / Ezra Pound -- In just- / e.e. cummings.; The Speaker in the poem : My Papa's waltz ; I knew a woman / Theodore Roethke -- Two tramps in mud time ; Provide, provide / Robert Frost -- Western wind / Anonymous -- To a lady in answer directly with yea or nay / Sir Thomas Wyatt -- The Constant lover / Sir John Suckling -- The Man he killed / Thomas Hardy -- An Irish airman forsees his death / William Butler Yeats -- My last duchess / Robert Browning -- Piano / D.H. Lawrence -- Birches / Robert Frost -- Sonnet 31 / Sir Philip Sidney -- When I have fears / John Keats -- The Beep beep poem / Nikki Giovanni -- Childe Roland to the dark tower came / Robert Browning -- Aunt Jennifer's tigers / Adrienne Rich -- The Latest Decalogue / Arthur Hugh Clough -- When I was one and twenty / A.E. Housman -- The Folly of being comforted / William Butler Yeats -- Ozymandias / Percy Bysshe Whelley -- The Unknown citizen / W.H. Auden.; IMAGERY -- The Dalliance of the Eagles / Walt Whitman -- The Eagle / Alfred, Lord Tennyson -- Harlem / Langston -- On First looking into Chapman's Homer / John Keats -- Fog / Carl Sandbuarg -- A Red red rose / Robert Burns -- I like to see it lap the miles / Emily Dickinson -- Woman / Nikki Giovanni -- Docker / Seamus Heaney -- Composed upon Westminster Bridge : September 3, 1802 / William Wordsworth -- Morning son / Sylvia Plath -- Love calls us to the things of this world / Richard Wilbur -- Love (III) / Geroge Herbert -- The Sick rose / William Blake -- Days / Ralph Waldo Emerson -- Patterns / Amy Lowell -- In back of the real / Allen Ginsberg -- Ode on a Grecian urn / John Keats -- The Circus animals' desertion / William Butler Yeats -- Those Winter Sundays / Robert Hayden.; Hymn to God, My God, in my sickness / John Donne -- Sumer is icumen in / Anonymous -- Ancient music / Ezra Pound -- Sonnet 15 / William Shakespeare -- The Sun rising / John Done -- Leave me, O Love / Sir Philip Sidney -- To his coy mistress / Andrew Marvell -- Down, Wanton, Down / Robert Graves -- The Mind is an enchanting thing / Marianne More -- Ode to the west Wind / Percy Bysshe Shelley -- Ode to a nightingale / John Keats -- Dover Beach / Matthew Arnold -- Sailing to Byzantium / William Butler Yeats -- Fern Hill -- Sound : The Seafarer / Anonymous (modern version by Ezra pound) -- Pied beauty / Gerard Manley Hopkins -- The Splendor falls on Castle walls / Alfred, Lord Tennyson.; The Collar / Geroge Herbert -- Sonnet 29 / William Shakeskpeare -- On Shakespeare -- They flee from me / Sir Thoms Wyatt -- Do not go gentle into that good night / Dylan Thomas -- The Ballad of dead ladies / Dante Gabriel Rossetti -- The Gillyflower of gold / William Morris -- Ode : intimations of immortality from recollections of early childhood / William Wordsworth -- Sonnet 116 / William Shakespeare -- Sonnet 10 / John Donne -- On his blindness / John Milton -- (Carrion comfort) / Gerard Manley Hopkins -- Design / Robert Frost -- What lips my lips have kissed, and where, and why / Edna St. Vincent Millay -- Anthem for doomed youth / Wilfred Owen -- the Cambridge ladies who live in furnished souls / e.e. cummings.; AN AHTOLOGY OF POEMS -- The Passionate shepherd to his love / Christopher Marlowe -- The Nymph's reply to the shepherd / Sir Walter Ralegh -- The Sonnet 55 / William Shakespeare -- Sonnet 7 / John Donne -- The Night-piece / to Julia / Robert Herrick -- Ode on solitude / Alexander Pope -- London / William Blake -- Kubla Khan / Samuel Taylor Colerdige -- Ulysses / Alfred, Lord Tennyson -- The Bishop orders his tomb at Saint Praxed's Church / Robert Browning -- Home-Thoughts from abroad / Robert Browning -- Out of the cradle endlessly rocking / Walt Whitman -- The Poets light but lamps / Emily Dickinson -- "Terrence, this is stupid stuff ..." ; To an athlete dying young / A.E. Houseman -- Mr. Flood's party / Edwin Arlington Robinson -- O Black and unknown bards / James Weldon Johnson -- "Out, Out -- " / Robert Frost.; Thirteen ways of looking at a blackbird / Wallace Sevens -- Love the wild swan / Robinson Jeffers -- Poetry / Marianne Moore -- Bells for John Whiteside's daughter / John Crowe Ransom -- The love song of J. Alfred Prufrock / T.S. Eliot -- Ars Poetica / Archibald Macleish -- Riesumie / Dorothy Parker -- "next to of course god america i" / e.e. cummings -- Musiee des Beaux Arts / W.H. Auden -- In my craft or sullen art / Dylan Thomas -- The Bean eaters / Gwendolyn Brooks -- For the Union dead / Robert Lowell -- The Pennycandy store beyond the El / Lawrence Ferlinghetti -- Place Pigalle / Richard Wilbur -- A Supermarket in California / Allen Ginsberg -- Her kind / Anne Sexton -- Pike / Ted Hughes -- Metaphors / Sylvia Plath -- W.W. / Amiri Baraka (Leroi Jones).; DRAMA -- The Stronger / August Strindberg -- Oedipus Rex (English version by Dudley Fitts and Robert Fitzgerald) ; Antigonoe (English version by Dudley Fitts and Robert Fitzgerald) / Sophocles -- Hamlet / William Sahkespeare -- A Doll's house (a new translation by Otto Reinert) / Henrik Itsen -- The Importance of being Earnest / Oscar Wilde -- A Marriage proposal (English version by Hilmar Baukhage and Barrett H. Clark) / Anton Chekhov -- Riders to the sea / John Millington Synge -- Trifles / Susan Glaspell -- Death of a salesman / Arthur Miller -- The Gap (an English translation by Rosette Lamont) / Eugoene Ionesco.</subfield>
		</datafield>
		<datafield tag="650" ind1=" " ind2="0">
			<subfield code="a">Literature</subfield>
			<subfield code="x">Collections.</subfield>
		</datafield>
		<datafield tag="700" ind1="1" ind2=" ">
			<subfield code="a">Landy, Alice S.</subfield>
		</datafield>
		<datafield tag="710" ind1="2" ind2=" ">
			<subfield code="a">D.C. Heath and Company.</subfield>
		</datafield>
		<datafield tag="949" ind1=" " ind2=" ">
			<subfield code="a">TTI</subfield>
			<subfield code="c">PN6014</subfield>
			<subfield code="d">.H36 1988</subfield>
			<subfield code="g">30407100162941</subfield>
			<subfield code="p">29.96</subfield>
		</datafield>
	</record>