
	<record>
		<leader>19470pam a2200397 a 4500</leader>
		<controlfield tag="001">991000244479704574</controlfield>
		<controlfield tag="005">20150706154529.0</controlfield>
		<controlfield tag="008">890817s1990    nyu           00110 eng  </controlfield>
		<datafield tag="010" ind1=" " ind2=" ">
			<subfield code="a">   89014507 </subfield>
		</datafield>
		<datafield tag="020" ind1=" " ind2=" ">
			<subfield code="a">0075571129 :</subfield>
			<subfield code="c">$24.95</subfield>
		</datafield>
		<datafield tag="035" ind1=" " ind2=" ">
			<subfield code="a">(TT@)24447-01gali_srtc</subfield>
		</datafield>
		<datafield tag="035" ind1=" " ind2=" ">
			<subfield code="a">(DLC)89014507</subfield>
			<subfield code="9">ExL</subfield>
		</datafield>
		<datafield tag="039" ind1=" " ind2=" ">
			<subfield code="a">24447</subfield>
		</datafield>
		<datafield tag="040" ind1=" " ind2=" ">
			<subfield code="a">DLC</subfield>
			<subfield code="c">DLC</subfield>
			<subfield code="d">DLC</subfield>
		</datafield>
		<datafield tag="050" ind1="0" ind2="0">
			<subfield code="a">PN45</subfield>
			<subfield code="b">.D59 1990</subfield>
		</datafield>
		<datafield tag="082" ind1="0" ind2="0">
			<subfield code="a">808</subfield>
			<subfield code="2">20</subfield>
		</datafield>
		<datafield tag="100" ind1="1" ind2="0">
			<subfield code="a">DiYanni, Robert.</subfield>
		</datafield>
		<datafield tag="245" ind1="1" ind2="0">
			<subfield code="a">Literature :</subfield>
			<subfield code="b">reading fiction, poetry, drama, and the essay /</subfield>
			<subfield code="c">Robert DiYanni.</subfield>
		</datafield>
		<datafield tag="250" ind1=" " ind2=" ">
			<subfield code="a">2nd ed.</subfield>
		</datafield>
		<datafield tag="260" ind1="0" ind2=" ">
			<subfield code="a">New York :</subfield>
			<subfield code="b">McGraw-Hill,</subfield>
			<subfield code="c">c1990.</subfield>
		</datafield>
		<datafield tag="300" ind1=" " ind2=" ">
			<subfield code="a">xxviii, 1746 p. ;</subfield>
			<subfield code="c">25 cm.</subfield>
		</datafield>
		<datafield tag="505" ind1="0" ind2=" ">
			<subfield code="a">Alice Munro / Wild Swans -- Kay Boyle / Astronomer's Wife  --  Bobbie Ann Mason / Shiloh -- William Faulkner /  A Rose for Emily  -- James Joyce / Araby -- Guy de Maupassant /  Moonlight  --  Edgar Allan Poe / The Black Cat -- Luigi Pirandello / War -- Nathaniel Hawthorne  / Young Goodman Brown -- Leo Nikolaievich Tolstoy / The Death of Lyon Ilych  --  Kate Chopin / The Storm -- Anton Chekhov / The Lady with the Dog -- Charlotte Perkins Gilman  / The Yellow Wallpaper -- Rudyard Kipling / The Gardener -- Stephen Crane / The Open Boat -- James Joyce / The Boarding House -- Franz Kafka / The Metamorphosis -- D. H. Lawrence / The Blind Man -- Katherine Mansfield / Bliss -- Katherine Anne Porter / Maria ConcepciOn -- Jean Toomer / Theater -- Ernest Hemingway / The Short Happy Life of Francis Macomber -- Jorge Luis Borges / The Garden of Forking Paths --  Frank O'Connor / Guests of the Nation -- Isaac Bashevis Singer / Gimpel the Fool -- Eudora Welty / A Worn Path -- Tillie Olsen / I Stand Here Ironing  --  Ralph Ellison / Battle Royal -- Philip Roth / The Conversion of the Jews -- Jean Stafford / Bad Characters -- Yukio Mishima / Swaddling Clothes -- Flannery O'Connor / Good Country People -- Gabriel Garcia Marquez / A Very Old Man with Enormous Wings -- Donald Barthelme / The Balloon -- Woody Allen / The Kugelmass Episode -- Margaret Atwood / Rape Fantasies -- Raymond Carver / Cathedral -- Alice Walker / Everyday Use -- Leslie Silko  / Yellow Woman.</subfield>
		</datafield>
		<datafield tag="505" ind1="0" ind2=" ">
			<subfield code="a">Robert Hayden / Those Winter Sundays -- Robert Frost / Stopping by Woods on a Snowy Evening  -- Adrienne Rich /  Aunt Jennifer's Tigers -- Theodore Roethke / My Papa's Waltz -- Stephen Crane / War Is Kind -- Robert Browning / My Last Duchess --Muriel Stuart / In the Orchard -- Gerard Manley Hopkins / Thou art indeed just, Lord -- Anonymous / Western Wind -- Henry Reed /Naming of Parts -- Jacques Prevert / Family Portrait --William Wordsworth / I wandered lonely as a cloud -- Edwin Arlington Robinson / Miniver Cheevy--William Wordsworth /It is a beauteous evening -- Robert Herrick / Delight in Disorder -- Adrienne Rich / Rape -- Elizabeth Bishop / First Death in Nova Scott --  William Butler Yeats / The Lake Isle of Innisfree. </subfield>
		</datafield>
		<datafield tag="505" ind1="0" ind2=" ">
			<subfield code="a">Robert Browning / Meeting at Night -- H. D. (Hilda Doolittle) / Heat --Thomas Hardy / Neutral Tones -- William Shakespeare / That time of year thou may in me behold -- John Donne / Hymn to God the Father -- Robert Wallace / The Double-Play -- Louis Simpson / The Battle -- Judith Wright / Woman to Child -- Peter Meinke / Advice to My Son --  Christina Rossetti / Up-Hill -- William Blake / A Poison Tree -- Robert Frost / The Road Not Taken -- George Herbert / Virtue --Emily Dickinson / Because I could not stop for Death -- John Donne / The Sun Rising -- Thomas Hardy / The Man He Killed -- William Butler Yeats / An Irish Airman Foresees His Death -- Robert Frost / The Silken Tent -- E. E. Cummings / "Me up at does" -- Stevie Smith / Mother, Among the Dustbins -- Gerard Manley Hopkins / In the Valley of the Elwy -- Thomas Hardy / During Wind and Rain -- Alexander Pope / Sound and Sense -- May Swenson / The Universe -- Helen Chasin / The Word Plum. </subfield>
		</datafield>
		<datafield tag="505" ind1="0" ind2=" ">
			<subfield code="a">Robert Frost / The Span of Life -- George Gordon, Lord Byron / The Destruction of Sennacherib -- Anne Sexton / Her Kind -- Richard Wilbur / Junk --William Carlos Williams / The Red Wheelbarrow -- James Shirley / The Glories of Our Blood and State -- John Keats / On First Looking into Chapman's Homer --  Walt Whitman / When I heard the learn'd astronomer -- E. E. Cummings / 1(a -- E. E. Cummings / [Buffalo Bill's] -- William Carlos Williams / The Dance --  Denise Levertov  / Taste and See -- Theodore Roethke / The Waking -- A. .RAmmons / Poetics -- P. Cavafy / The City -- Emily Dickinson / Crumbling is not an instant's Act -- Gerard Manley Hopkins / Spring and Fall: To a Young Child.</subfield>
		</datafield>
		<datafield tag="505" ind1="0" ind2=" ">
			<subfield code="a">William Blake / London -- William Butler Yeats / A Dream of Death -- Emily Dickinson / The Wind begun to knead the Grass -- H. Lawrence / The Piano -- William Carlos Williams / This Is Just to Say --  Kenneth Koch / Variations on a Theme by William Carlos Williams -- Anthony Brode  / Breakfast with Gerard Manley Hopkins -- William Shakespeare / Shall I compare thee to a summer's day -- Howard Moss / Shall I Compare Thee to a Summer's Day? -- Rainer Maria Rilke / Der Panther The Panther] -- Guillaume Apollinaire / Le Pont Mirabeau (Mirabeau Bridge) -- Juan Ramon Jimenez / Nocturno Sonado [Dream Nocturne] -- Vincent Van Gogh / Starry Night -- Robert Fagles / The Starry Night -- Anne Sexton / The Starry Night -- Francesco Goya y Lucientes / The Third of May -- Lawrence Ferlinghetti / In Goya 's greatest scenes we seem to see -- Francesco Goya y Lucientes / Two scenes from The Disasters of War --  Andrey Voznesensky / I Am Goya --  William Carlos Williams / Landscape with the Fall of Icarus -- Pieter Breughel the Elder / Landscape with the Fall of Icarus -- W. H. Auden / Musee des Beaux Arts -- Joseph Langland / Hunters in the Snow: Breughel -- Pieter Breughel the Elder / Hunters in the Snow  -- John Berryman  / Winter Landscape --William Blake /  The Sick Rose (watercolor)  --  William Blake  / The Sick Rose (poem) -- Sandro Botticelli / Adoration of the Magi -- T. S. Eliot / Journey of the Magi -- Giotto di Bondone / Adoration of the Magi --  William Butler Yeats / The Magi -- Ecclesiastes / There is a Time -- Pete Seeger / Turn! Turn! Turn! --  Edwin Arlington Robinson / Richard Cory -- Paul Simon / Richard Cory -- Langston Hughes / Dream Deferred -- Langston Hughes / Same in Blues.</subfield>
		</datafield>
		<datafield tag="505" ind1="0" ind2=" ">
			<subfield code="a">Christopher Marlowe / The Passionate Shepherd to His Love -- Sir Walter Raleigh / The Nymph's Reply to the Shepherd -- William Shakespeare / Not marble, nor the gilded monuments -- Archibald MacLeish / "Not Marble Nor the Gilded Monuments" -- Matthew Arnold Dover / Beach -- Anthony Hecht / The Dover Bitch: A Criticism of Life -- Sappho To me he seems like a god -- Anonymous / Barbara Allan -- Anonymous / The Twa Corbies  --  Anonymous / Edward, Edward -- Marie de France / The Nightingale-- Francois Villon / Ballade -- Geoffrey Chaucer / Truth -- Geoffrey Chaucer / The Pardoner's Tale -- John Skelton / To Mistress Margaret Hussey -- Thomas Wyatt / The long love that in my thought doth harbor -- Henry Howard, Earl of Surrey / Love, that doth reign and live within my thought -- Edmund Spenser / One day I wrote her name upon the strand -- Sir Walter Raleigh / The Lie -- Sir Philip Sidney / from Astrophel and Stella -- Sir Philip Sidney / Thou blind man's mark -- Chidiock Tichborne / Tichborne's Elegy -- Michael Drayton / Since there's no help, come let us kiss and part -- William Shakespeare / When in disgrace with fortune and men's eyes -- William Shakespeare / Let me not to the marriage of true minds -- William Shakespeare / Th' expense of spirit in a waste of shame -- William Shakespeare / My mistress' eyes are nothing like the sun --Thomas Nashe / A Litany in Time of Plague -- John Donne / Song -- John Donne / The Canonization -- John Donne / A Valediction: Forbidding Mourning -- John Donne / The Flea -- John Donne / Death, be not proud -- John Donne / Batter my heart, three-personed God -- Ben Jonson / On My First Daughter -- Ben Jonson / On My First Son -- Ben Jonson / Still to be neat, still to be dressed -- Ben Jonson / Song: To -Celia -- Robert Herrick / Upon Julia's Clothes -- Robert Herrick / To the Virgins, to Make Much of Time -- George Herbert / The Altar -- George Herbert / The Pulley -- George Herbert / The Collar boo --George Herbert / Easter Wings.</subfield>
		</datafield>
		<datafield tag="505" ind1="0" ind2=" ">
			<subfield code="a">John Milton / When I consider how my light is spent -- John Milton / On the Late Massacre in Piedmont -- Anne Bradstreet / Before the Birth of One of Her Children -- Anne Bradstreet -- To My Dear and Loving Husband -- Andrew Marvell / To His Coy Mistress -- Andrew Marvell / A Dialogue Between the Soul and Body -- John Dryden / A Song for St. Cecilia's Day -- Jonathan Swift / A Description of the Morning -- Alexander Pope / Epigram Engraved on the Collar of a Dog Which I Gave to His Royal Highness -- Alexander Pope / from An Essay on Man -- Thomas Gray / Elegy Written in a Country Churchyard -- Johann. Wolfgang. von Goethe / Nature and Art -- William Blake / The Clod &amp; the Pebble -- William Blake / The Lamb -- William Blake / The Tyger -- William Blake / The Garden of Love -- William Blake / Mock on, Mock on, Voltaire, Rousseau -- Robert Burns / A Red, Red Rose -- William Wordsworth / The world is too much with us -- William Wordsworth / The Solitary Reaper -- William 'Wordsworth / Composed upon Westminster Bridge, September 3, 1802 -- William Wordsworth / Lines Composed a Few Miles Above Tintern Abbey -- Samuel Taylor Coleridge / Kubla Khan -- George Gordon, Lord Byron / She walks in beauty.</subfield>
		</datafield>
		<datafield tag="505" ind1="0" ind2=" ">
			<subfield code="a">Percy Bysshe Shelley / Ozymandias -- Percy Bysshe Shelley / Ode to the West Wind -- John Keats / When I have fears that I may cease to be --  John Keats / La Belle Dame sans Merci -- John Keats / Ode to a Nightingale -- John Keats / Ode on a Grecian Urn -- John Keats / The Eve of St. Agnes -- Ralph Waldo Emerson / Concord Hymn -- Edgar Allan Poe / To Helen --Edgar Allan Poe / The Raven --Alfred, Lord Tennyson / Ulysses -- Alfred, Lord Tennyson / Tithonus --Alfred, Lord Tennyson / The Eagle --Alfred, Lord Tennyson / from In Memori an A.H.H. -- Robert Browning / Soliloquy of the Spanish Cloister -- Emily Bronte / Remembrance -- Walt Whitman / A noiseless patient spider -- Walt Whitman / Crossing Brooklyn Ferry --Emily Dickinson  / I like a look of Agony -- Emily Dickinson / Some keep the Sabbath going to Church -- Emily Dickinson / Wild Nights-Wild Nights -- Emily Dickinson / After great pain, a formal feeling comes -- Emily Dickinson / This World is not Conclusion -- Emily Dickinson / Much Madness is divinest Sense -- Emily Dickinson / I died for Beauty-but was scarce -- Emily Dickinson / I heard a Fly buzz-when I died -- Emily Dickinson / The Bustle in a House -- Emily Dickinson / Tell all the Truth but tell it slant -- Emily Dickinson / Pain-has an Element of Blank -- Emily Dickinson / A narrow Fellow in the Grass -- Emily Dickinson / Volcanoes be in Sicily -- Emily Dickinson /I taste a liquor never brewed -- Emily Dickinson / I dreaded that first Robin, so -- Emily Dickinson / I like to see it lap the Miles -- Emily Dickinson / Further in Summer than the Birds -- Emily Dickinson / A Route of Evanescence --Emily Dickinson / Apparently with no surprise.</subfield>
		</datafield>
		<datafield tag="505" ind1="0" ind2=" ">
			<subfield code="a">Lewis Carroll / Jabberwocky -- Thomas Hardy / The Ruined Maid -- Thomas Hardy / The Oxen - Thomas Hardy / The Voice -- Thomas Hardy / Transformations -- Thomas Hardy / Channel Firing -- Thomas Hardy / Ah, are you digging on my grave -- Gerard Manley / Hopkins God's Grandeur -- Gerard Manley Hopkins / The Windhover -- Gerard Manley Hopkins / Pied Beauty -- Gerard Manley Hopkins / Binsey Poplars --A. E. Housman / When I was one-and-twenty -- A. E. Housman / To an Athlete Dying Young -- A. E. Housman / With rue my heart is laden -- A. E. Housman / Is my team plowing -- William Butler Yeats / Adam's Curse -- William Butler Yeats / The Scholars -- William Butler Yeats / Easter 1916 -- William Butler Yeats / The Second Coming -- William Butler Yeats / The Wild Swans at Coole -- William Butler Yeats / Leda and the Swan -- William Butler Yeats / Sailing to Byzantium William Butler Yeats / A Prayer for my Daughter -- William Butler Yeats / Crazy Jane Talks with the Bishop -- Edwin Arlington Robinson / Mr. Flood's Party -- Edwin Arlington Robinson / Eros Turannos -- Paul Laurence Dunbar / We wear the mask -- Amy Lowell / Patterns -- Robert Frost / Mending Wall -- Robert Frost / Fire and Ice -- Robert Frost / Birches -- Robert Frost / Dust of Snow -- Robert Frost / Design --Robert Frost / Desert Places -- Robert Frost / Tree at my window -- Robert Frost / Acquainted with the Night -- Robert Frost / Putting in the Seed -- Robert Frost / To Earthward -- Rainer Maria Rilke / Going Blind -- Rainer Maria Rilke / Portrait of My Father as a Young Man -- Wallace Stevens / The Snow Man -- Wallace Stevens / Thirteen Ways of Looking at a Blackbird -- William Carlos Williams / The Widow's Lament in Springtime -- William Carlos Williams / Spring and All -- William Carlos Williams / To a Poor Old Woman -- William Carlos Williams / The Young Housewife -- William Carlos Williams / Danse Russe -- D.H. Lawrence / The Snake -- Ezra Pound / The Seafarer -- Ezra Pound / The Garden -- Ezra Pound / The River-Merchant's Wife: A Letter -- Marianne Moore / Poetry -- T. S. Eliot / The Love Song of J. Alfred Prufrock -- John Crowe / Ransom Piazza Piece -- John Crowe / Ransom Blue Girls -- Anna Akhmatova / Requiem -- Boris Pasternak / Winter Night -- McKay / The Tropics in New York.</subfield>
		</datafield>
		<datafield tag="505" ind1="0" ind2=" ">
			<subfield code="a">Osip Mandelstam / The Stalin Epigram -- Marina Tsvetayeva / No one has taken anything away -- Marina Tsvetayeva / Yesterday he still looked in my eyes -- Vicente Huidobro / Ars Poetica -- Archibald MacLeish / Ars Poetica -- Cesar Vallejo / Our Daily Bread -- Wilfred Owen / Dulce et Decorum Est -- E. E. Cummings / anyone lived in a pretty how town -- E. E. Cummings my father moved through dooms of love -- E. E. Cummings / i thank You God for this most amazing -- Jean Toomer / Reapers -- Juana de Ibarbourou / The Strong Bond -- Eugenio Montale / The Eel -- Louise Bogan / Women -- Federico Garcia Lorca / Lament for Ignacio Sanchez Mejias -- Jorge Luis Borges / The Blind Man --Robert Francis / Pitcher -- Countee Cullen / Incident -- Richard Eberhart / The Groundhog  -- Pablo Neruda / The Word -- Pablo Neruda / The United Fruit Company -- Robert Penn Warren / True Love -- W. H. Auden / The Unknown Citizen -- W. H. Auden / In Memory of W. B. Yeats -- Theodore Roethke / Elegy for Jane -- Czeslaw Milosz / A Song on The End of the World -- Elizabeth Bishop / The Fish -- Elizabeth Bishop / Sestina -- Muriel Rukeyser / Myth -- Octavio Paz / January First -- William Stafford / Traveling through the dark -- Dudley Randall / The Melting Pot -- Dylan Thomas / Fern Hill -- Dylan Thomas / Do not go gentle into that good night -- Margaret Walker / Lineage  -- Robert Lowell / Skunk Hour -- Robert Lowell / The Drinker -- Gwendolyn Brooks / the mother -- Gwendolyn Brooks / First fight. Then fiddle -- Lawrence Ferlinghetti / Constantly Risking Absurdity -- May Swenson / Women -- Howard Nemerov / Storm Windows -- Mary Ellen Solt / Marriage -- Richard Wilbur / Juggler -- Marie Ponsot / Summer Sestina -- Philip Larkin / A Study of Reading Habits -- Yves Bonnefoy / Place of the Salamander -- Alan Dugan Love Song: I and Thou.--Yehuda Amichai / You Can Rely on Him -- Donald Justice / In Bertram's Garden -- Maxine Kumin / How It Is -- Robert Creeley / I Know a Man -- Robert Creeley / The Language -- David Wagoner / The Other House -- Allen Ginsberg / A Supermarket in California -- D. Snodgrass / April Inventory -- Ruth Eisenberg / Jocasta -- Galway Kinnell / To Christ Our Lord -- Galway Kinnell / Saint Francis and the Sow -- James Wright / Lying in a Hammock at William Duffy's Farm in Pine Island, Minnesota -- James Wright Mutterings /Over the Crib of a Deaf Child -- James Wright / A Blessing -- Donald Hall/ My son, my executioner. </subfield>
		</datafield>
		<datafield tag="505" ind1="0" ind2=" ">
			<subfield code="a">Donald Hall Kicking / the leaves -- Anne Sexton / Two Hands -- J. Kennedy / In a prominent bar in Secaucus one day -- J. Kennedy / First Confession -- Thorn Gunn / Innocence -- John Hollander / Adam's Task -- John Hollander / Swan and Shadow -- Adrienne Rich / Storm Warnings -- Adrienne Rich / The Knight -- Adrienne Rich Diving Into the Wreck -- Ted Hughes / Hawk Roosting -- Ted Hughes / Crow's First Lesson -- Gregory Corso / Marriage -- Gary Snyder / Prayer for the Great Family -- Sylvia Plath / Mirror -- Sylvia Plath / The Applicant -- John Updike / The Mosquito -- Robert Wallace / In a Spring Still Not Written Of -- Yevgeny Yevtushenko / People -- Andrey Voznesensky / Monastic Cell at Zagorsk -- Mark Strand / Eating Poetry -- Mary Oliver / Music Lessons -- Lucille Clifton / Homage to My Hips -- Lucille Clifton / The Lost Baby Poem -- Marge Piercy / A Work of Artifice --Marge Piercy / To Be of Use -- Bella Akhmadulina / The Bride -- Michael S. Harper / Martin's Blues --Seamus Heaney / Digging -- Seamus Heaney / Mid-Term Break -- Margaret Atwood / This Is a Photograph of Me -- Raymond Carver / Photograph of My Father in His Twenty-second Year -- Nikki Giovanni Dreams 832  Nikki Giovanni / Ego Tripping -- James Tate / The Lost Pilot -- Eavan Boland / Anorexic -- Kathleen Iddings / Mother's Revenge -- Cathy Appel / The Ballet -- Kraft Rompf / Finger Spelling -- Henrik Ibsen / A Doll House -- Bernard Shaw / Arms and the Man (scene from Act H) -- Sophocles / Antigone -- Isabella Augusta Persse, Lady Gregory / The Rising of the Moon (opening) -- Sophocles / Oedipus Rex -- William Shakespeare / The Tragedy of Othello -- IMoliere (Jean-Baptiste Poquelin) / Tart uffe -- Anton Chekhov / The Cherry Orchard -- Bernard Shaw / Arms and the Man -- Eugene Ionesco / The Lesson -- Susan Glaspell / Trifles -- William Butler Yeats / Purgatory -- Arthur Miller /Death of a Salesman -- Lorraine Hansberry -- A Raisin in the Sun -- Robert Bolt / A Man for All Seasons -- Clare Boothe Luce / Slam the Door Softly -- E. B. White / The Ring of Time -- George Orwell / Marrakech -- Richard Selzer / The Masked Marvel's Last Toehold -- Gretel Ehrlich / About Men -- Joan Didion / Los Angeles Notebook -- Henry David Thoreau / The Battle of the Ants -- Virginia Woolf / The Death of the Moth -- Francis Bacon / Of Revenge -- Annie Dillard / Living Like Weasels -- Michel de Montaigne / Of repentance -- Francis Bacon / Of Love -- John Donne / Meditation XVII -- Jonathan Swift / A Modest Proposal -- Charles Lamb / A Dissertation Upon Roast Pig -- Mark Twain / "Cub" Wants to Be a Pilot -- E. M. Forster / Our Graves in Gallipoli -- E. B. White / Once More to the Lake -- George Orwell / Shooting an Elephant -- Loren Eiseley / The Judgment of the Birds -- James Baldwin /Notes of a Native Son -- Tom Wolfe / The Right Stuff -- Maxine Hong Kingston /Vo Name Woman -- Alice Walker / In Search of Our Mothers' Gardens -- Robert Graves / Symptoms of Love -- Katherine Anne Porter / Magic -- Langston Hughes / Theme for English B -- Katherine Anne Porter / St. Augustine and the Bullfight -- Zora Neale Hurston / How It Feels to Be Colored Me -- Francis Bacon / Of Youth and Age -- Adrienne Rich / Aunt Jennifer's Tigers -- Ernest Hemingway / from In Our Time -- Ursula K. LeGuin / from The Left Hand of Darkness -- Stephen Crane / War Is Kind.</subfield>
		</datafield>
		<datafield tag="590" ind1=" " ind2=" ">
			<subfield code="a">Gift</subfield>
			<subfield code="b">20.00</subfield>
			<subfield code="c">1/13/14</subfield>
		</datafield>
		<datafield tag="650" ind1=" " ind2="0">
			<subfield code="a">Literature.</subfield>
		</datafield>
		<datafield tag="650" ind1=" " ind2="0">
			<subfield code="a">Literature</subfield>
			<subfield code="x">Collections.</subfield>
		</datafield>
		<datafield tag="650" ind1=" " ind2="0">
			<subfield code="a">English.</subfield>
		</datafield>
		<datafield tag="949" ind1=" " ind2=" ">
			<subfield code="a">TTI</subfield>
			<subfield code="c">PN45</subfield>
			<subfield code="d">.D59 1990</subfield>
			<subfield code="g">30407100494187</subfield>
			<subfield code="p">20.00</subfield>
		</datafield>
	</record>