
	<record>
		<leader>01329cam a2200349 a 4500</leader>
		<controlfield tag="001">991000244649704574</controlfield>
		<controlfield tag="005">20151005110112.0</controlfield>
		<controlfield tag="008">891006s1990    iluaf    b    001 0 eng  </controlfield>
		<datafield tag="010" ind1=" " ind2=" ">
			<subfield code="a">   89020438 </subfield>
		</datafield>
		<datafield tag="020" ind1=" " ind2=" ">
			<subfield code="a">0226673227 (alk. paper)</subfield>
		</datafield>
		<datafield tag="020" ind1=" " ind2=" ">
			<subfield code="a">9780226673233</subfield>
		</datafield>
		<datafield tag="020" ind1=" " ind2=" ">
			<subfield code="a">0226673235</subfield>
		</datafield>
		<datafield tag="035" ind1=" " ind2=" ">
			<subfield code="a">(TT@)24464-01gali_srtc</subfield>
		</datafield>
		<datafield tag="035" ind1=" " ind2=" ">
			<subfield code="a">(DLC)89020438</subfield>
			<subfield code="9">ExL</subfield>
		</datafield>
		<datafield tag="039" ind1=" " ind2=" ">
			<subfield code="a">24464</subfield>
		</datafield>
		<datafield tag="040" ind1=" " ind2=" ">
			<subfield code="a">DLC</subfield>
			<subfield code="c">DLC</subfield>
			<subfield code="d">DLC</subfield>
		</datafield>
		<datafield tag="043" ind1=" " ind2=" ">
			<subfield code="a">e-uk---</subfield>
		</datafield>
		<datafield tag="050" ind1="0" ind2="0">
			<subfield code="a">PR868.L69</subfield>
			<subfield code="b">P65 1990</subfield>
		</datafield>
		<datafield tag="082" ind1="0" ind2="0">
			<subfield code="a">823.009/354</subfield>
			<subfield code="2">20</subfield>
		</datafield>
		<datafield tag="100" ind1="1" ind2=" ">
			<subfield code="a">Polhemus, Robert M.</subfield>
		</datafield>
		<datafield tag="245" ind1="1" ind2="0">
			<subfield code="a">Erotic faith :</subfield>
			<subfield code="b">being in love from Jane Austen to D.H. Lawrence /</subfield>
			<subfield code="c">Robert M. Polhemus.</subfield>
		</datafield>
		<datafield tag="260" ind1=" " ind2=" ">
			<subfield code="a">Chicago :</subfield>
			<subfield code="b">University of Chicago Press,</subfield>
			<subfield code="c">1990.</subfield>
		</datafield>
		<datafield tag="300" ind1=" " ind2=" ">
			<subfield code="a">xii, 363 p., [8] p. of plates :</subfield>
			<subfield code="b">ill. (some col.) ;</subfield>
			<subfield code="c">25 cm.</subfield>
		</datafield>
		<datafield tag="504" ind1=" " ind2=" ">
			<subfield code="a">Includes bibliographical references (p. 335-347) and index.</subfield>
		</datafield>
		<datafield tag="590" ind1=" " ind2=" ">
			<subfield code="a">Gift</subfield>
			<subfield code="b">$25.00</subfield>
			<subfield code="c">9.23.2015</subfield>
		</datafield>
		<datafield tag="650" ind1=" " ind2="0">
			<subfield code="a">English fiction</subfield>
			<subfield code="y">19th century</subfield>
			<subfield code="x">History and criticism.</subfield>
		</datafield>
		<datafield tag="650" ind1=" " ind2="0">
			<subfield code="a">Love stories, English</subfield>
			<subfield code="x">History and criticism.</subfield>
		</datafield>
		<datafield tag="650" ind1=" " ind2="0">
			<subfield code="a">English fiction</subfield>
			<subfield code="y">20th century</subfield>
			<subfield code="x">History and criticism.</subfield>
		</datafield>
		<datafield tag="650" ind1=" " ind2="0">
			<subfield code="a">Love in literature.</subfield>
		</datafield>
		<datafield tag="650" ind1=" " ind2="0">
			<subfield code="a">Literature.</subfield>
		</datafield>
		<datafield tag="856" ind1="4" ind2="2">
			<subfield code="3">Publisher description</subfield>
			<subfield code="u">http://www.loc.gov/catdir/description/uchi051/89020438.html</subfield>
		</datafield>
		<datafield tag="856" ind1="4" ind2="1">
			<subfield code="3">Table of contents</subfield>
			<subfield code="u">http://www.loc.gov/catdir/toc/uchi051/89020438.html</subfield>
		</datafield>
		<datafield tag="949" ind1=" " ind2=" ">
			<subfield code="a">TTI</subfield>
			<subfield code="c">PR868.L69</subfield>
			<subfield code="d">P65 1990</subfield>
			<subfield code="g">30858100107825</subfield>
			<subfield code="p">25.00</subfield>
		</datafield>
	</record>