
	<record>
		<leader>00621pam a2200205 a 4500</leader>
		<controlfield tag="001">991000246329704574</controlfield>
		<controlfield tag="005">20160414100839.0</controlfield>
		<controlfield tag="008">901227s1991    nyu           000 1 eng  </controlfield>
		<datafield tag="010" ind1=" " ind2=" ">
			<subfield code="a">   90029106 </subfield>
		</datafield>
		<datafield tag="020" ind1=" " ind2=" ">
			<subfield code="a">0385299095</subfield>
		</datafield>
		<datafield tag="035" ind1=" " ind2=" ">
			<subfield code="a">(TT@)24632-01gali_srtc</subfield>
		</datafield>
		<datafield tag="035" ind1=" " ind2=" ">
			<subfield code="a">90029106</subfield>
			<subfield code="9">ExL</subfield>
		</datafield>
		<datafield tag="039" ind1=" " ind2=" ">
			<subfield code="a">24632</subfield>
		</datafield>
		<datafield tag="040" ind1=" " ind2=" ">
			<subfield code="a">DLC</subfield>
			<subfield code="c">DLC</subfield>
			<subfield code="d">DLC</subfield>
			<subfield code="d">OCoLC</subfield>
		</datafield>
		<datafield tag="050" ind1="0" ind2="0">
			<subfield code="a">PS3569.T33828</subfield>
			<subfield code="b">N57 1991</subfield>
		</datafield>
		<datafield tag="100" ind1="1" ind2="0">
			<subfield code="a">Steel, Danielle.</subfield>
		</datafield>
		<datafield tag="245" ind1="1" ind2="0">
			<subfield code="a">No greater love /</subfield>
			<subfield code="c">Danielle Steel.</subfield>
		</datafield>
		<datafield tag="260" ind1="0" ind2=" ">
			<subfield code="a">New York, N.Y. :</subfield>
			<subfield code="b">Delacorte Press,</subfield>
			<subfield code="c">1991.</subfield>
		</datafield>
		<datafield tag="300" ind1=" " ind2=" ">
			<subfield code="a">392 p. ;</subfield>
			<subfield code="c">24 cm.</subfield>
		</datafield>
		<datafield tag="610" ind1="2" ind2="0">
			<subfield code="a">Titanic (Steamship)</subfield>
			<subfield code="x">Fiction.</subfield>
		</datafield>
		<datafield tag="949" ind1="1" ind2=" ">
			<subfield code="a">TTI</subfield>
			<subfield code="c">PS3569.T33828</subfield>
			<subfield code="d">N57 1991</subfield>
			<subfield code="g">30407100052399</subfield>
			<subfield code="p">23.00</subfield>
		</datafield>
		<datafield tag="949" ind1="1" ind2=" ">
			<subfield code="a">MLTP</subfield>
			<subfield code="g">30858100053243</subfield>
			<subfield code="p">$5.00</subfield>
		</datafield>
	</record>