
	<record>
		<leader>01221cam a2200373 a 4500</leader>
		<controlfield tag="001">991000247059704574</controlfield>
		<controlfield tag="005">20090117151420.0</controlfield>
		<controlfield tag="008">910805r19911847pau           000 1 eng  </controlfield>
		<datafield tag="010" ind1=" " ind2=" ">
			<subfield code="a">   90085508 </subfield>
		</datafield>
		<datafield tag="020" ind1=" " ind2=" ">
			<subfield code="a">1561380229</subfield>
		</datafield>
		<datafield tag="035" ind1=" " ind2=" ">
			<subfield code="a">(TT@)24705-01gali_srtc</subfield>
		</datafield>
		<datafield tag="035" ind1=" " ind2=" ">
			<subfield code="a">(DLC)90085508</subfield>
			<subfield code="9">ExL</subfield>
		</datafield>
		<datafield tag="039" ind1=" " ind2=" ">
			<subfield code="a">24705</subfield>
		</datafield>
		<datafield tag="040" ind1=" " ind2=" ">
			<subfield code="a">DLC</subfield>
			<subfield code="c">DLC</subfield>
			<subfield code="d">OCoLC</subfield>
		</datafield>
		<datafield tag="043" ind1=" " ind2=" ">
			<subfield code="a">e-uk-en</subfield>
		</datafield>
		<datafield tag="050" ind1="0" ind2="0">
			<subfield code="a">PR4167</subfield>
			<subfield code="b">.J3 1991</subfield>
		</datafield>
		<datafield tag="082" ind1="0" ind2="0">
			<subfield code="a">823/.8</subfield>
			<subfield code="2">20</subfield>
		</datafield>
		<datafield tag="100" ind1="1" ind2=" ">
			<subfield code="a">Brontë, Charlotte,</subfield>
			<subfield code="d">1816-1855.</subfield>
		</datafield>
		<datafield tag="245" ind1="1" ind2="0">
			<subfield code="a">Jane Eyre /</subfield>
			<subfield code="c">Charlotte Brontë.</subfield>
		</datafield>
		<datafield tag="260" ind1=" " ind2=" ">
			<subfield code="a">Philadelphia, Pa. :</subfield>
			<subfield code="b">Courage Books,</subfield>
			<subfield code="c">c1991.</subfield>
		</datafield>
		<datafield tag="300" ind1=" " ind2=" ">
			<subfield code="a">336 p. ;</subfield>
			<subfield code="c">22 cm.</subfield>
		</datafield>
		<datafield tag="440" ind1=" " ind2="0">
			<subfield code="a">Courage classics</subfield>
		</datafield>
		<datafield tag="500" ind1=" " ind2=" ">
			<subfield code="a">"Reprinted from the second edition of Jane Eyre, revised by Charlotte Brontë, published by Smith, Elder, and Co., London, in 1847"--T.p. verso.</subfield>
		</datafield>
		<datafield tag="650" ind1=" " ind2="0">
			<subfield code="a">Governesses</subfield>
			<subfield code="v">Fiction.</subfield>
		</datafield>
		<datafield tag="650" ind1=" " ind2="0">
			<subfield code="a">Fathers and daughters</subfield>
			<subfield code="v">Fiction.</subfield>
		</datafield>
		<datafield tag="650" ind1=" " ind2="0">
			<subfield code="a">Mentally ill women</subfield>
			<subfield code="v">Fiction.</subfield>
		</datafield>
		<datafield tag="650" ind1=" " ind2="0">
			<subfield code="a">Charity-schools</subfield>
			<subfield code="v">Fiction.</subfield>
		</datafield>
		<datafield tag="650" ind1=" " ind2="0">
			<subfield code="a">Married people</subfield>
			<subfield code="v">Fiction.</subfield>
		</datafield>
		<datafield tag="650" ind1=" " ind2="0">
			<subfield code="a">Country homes</subfield>
			<subfield code="v">Fiction.</subfield>
		</datafield>
		<datafield tag="650" ind1=" " ind2="0">
			<subfield code="a">Young women</subfield>
			<subfield code="v">Fiction.</subfield>
		</datafield>
		<datafield tag="650" ind1=" " ind2="0">
			<subfield code="a">Orphans</subfield>
			<subfield code="v">Fiction.</subfield>
		</datafield>
		<datafield tag="651" ind1=" " ind2="0">
			<subfield code="a">England</subfield>
			<subfield code="v">Fiction.</subfield>
		</datafield>
		<datafield tag="655" ind1=" " ind2="7">
			<subfield code="a">Bildungsromans.</subfield>
			<subfield code="2">gsafd</subfield>
		</datafield>
		<datafield tag="655" ind1=" " ind2="7">
			<subfield code="a">Love stories.</subfield>
			<subfield code="2">gsafd</subfield>
		</datafield>
		<datafield tag="949" ind1=" " ind2=" ">
			<subfield code="a">MLTC</subfield>
			<subfield code="c">PR 4167</subfield>
			<subfield code="d">.J3 1991</subfield>
			<subfield code="g">30858100062327</subfield>
		</datafield>
	</record>