
	<record>
		<leader>01082cam a2200325 a 4500</leader>
		<controlfield tag="001">991000248579704574</controlfield>
		<controlfield tag="005">20160719094901.0</controlfield>
		<controlfield tag="008">910529s1991    nyu           000 1 eng  </controlfield>
		<datafield tag="010" ind1=" " ind2=" ">
			<subfield code="a">   91050272 </subfield>
		</datafield>
		<datafield tag="020" ind1=" " ind2=" ">
			<subfield code="a">0446515078 :</subfield>
			<subfield code="c">$24.95 ($29.95 Can.)</subfield>
		</datafield>
		<datafield tag="035" ind1=" " ind2=" ">
			<subfield code="a">(TT@)24857-01gali_srtc</subfield>
		</datafield>
		<datafield tag="035" ind1=" " ind2=" ">
			<subfield code="a">(DLC)91050272</subfield>
			<subfield code="9">ExL</subfield>
		</datafield>
		<datafield tag="039" ind1=" " ind2=" ">
			<subfield code="a">24857</subfield>
		</datafield>
		<datafield tag="040" ind1=" " ind2=" ">
			<subfield code="a">DLC</subfield>
			<subfield code="c">DLC</subfield>
			<subfield code="d">DLC</subfield>
			<subfield code="d">OCoLC</subfield>
			<subfield code="d">DLC</subfield>
		</datafield>
		<datafield tag="043" ind1=" " ind2=" ">
			<subfield code="a">e-ie---</subfield>
		</datafield>
		<datafield tag="050" ind1="0" ind2="0">
			<subfield code="a">PS3568.I597</subfield>
			<subfield code="b">S27 1991</subfield>
		</datafield>
		<datafield tag="082" ind1="0" ind2="0">
			<subfield code="a">813/.54</subfield>
			<subfield code="2">20</subfield>
		</datafield>
		<datafield tag="100" ind1="1" ind2=" ">
			<subfield code="a">Ripley, Alexandra.</subfield>
		</datafield>
		<datafield tag="245" ind1="1" ind2="0">
			<subfield code="a">Scarlett :</subfield>
			<subfield code="b">the sequel to Margaret Mitchell's Gone with the wind /</subfield>
			<subfield code="c">by Alexandra Ripley.</subfield>
		</datafield>
		<datafield tag="260" ind1=" " ind2=" ">
			<subfield code="a">New York, NY :</subfield>
			<subfield code="b">Warner Books,</subfield>
			<subfield code="c">1991.</subfield>
		</datafield>
		<datafield tag="300" ind1=" " ind2=" ">
			<subfield code="a">823 p. ;</subfield>
			<subfield code="c">24 cm.</subfield>
		</datafield>
		<datafield tag="650" ind1=" " ind2="0">
			<subfield code="a">Americans</subfield>
			<subfield code="z">Ireland</subfield>
			<subfield code="x">Fiction.</subfield>
		</datafield>
		<datafield tag="650" ind1=" " ind2="0">
			<subfield code="a">Irish American women</subfield>
			<subfield code="x">Fiction.</subfield>
		</datafield>
		<datafield tag="651" ind1=" " ind2="0">
			<subfield code="a">Ireland</subfield>
			<subfield code="x">Fiction.</subfield>
		</datafield>
		<datafield tag="655" ind1=" " ind2="7">
			<subfield code="a">Historical fiction.</subfield>
			<subfield code="2">gsafd</subfield>
		</datafield>
		<datafield tag="655" ind1=" " ind2="7">
			<subfield code="a">Love stories.</subfield>
			<subfield code="2">gsafd</subfield>
		</datafield>
		<datafield tag="700" ind1="1" ind2=" ">
			<subfield code="a">Mitchell, Margaret,</subfield>
			<subfield code="d">1900-1949.</subfield>
			<subfield code="t">Gone with the wind.</subfield>
		</datafield>
		<datafield tag="949" ind1=" " ind2=" ">
			<subfield code="a">MLTC</subfield>
			<subfield code="c">PS3568.I597</subfield>
			<subfield code="d">S27 1991</subfield>
			<subfield code="g">27000000020755</subfield>
			<subfield code="p">7.00</subfield>
		</datafield>
		<datafield tag="949" ind1="1" ind2=" ">
			<subfield code="a">MLTP</subfield>
			<subfield code="g">30858100049191</subfield>
			<subfield code="p">$7.00</subfield>
		</datafield>
		<datafield tag="949" ind1="1" ind2=" ">
			<subfield code="a">MLTP</subfield>
			<subfield code="g">30858100049209</subfield>
			<subfield code="p">$7.00</subfield>
		</datafield>
		<datafield tag="949" ind1="1" ind2=" ">
			<subfield code="a">IDCP</subfield>
			<subfield code="g">30858100052336</subfield>
			<subfield code="p">$2.00</subfield>
		</datafield>
	</record>