
	<record>
		<leader>01271cam a2200361 a 4500</leader>
		<controlfield tag="001">991000248729704574</controlfield>
		<controlfield tag="005">20110910094619.0</controlfield>
		<controlfield tag="008">910708s1992    nyu           000 1 eng  </controlfield>
		<datafield tag="010" ind1=" " ind2=" ">
			<subfield code="a">   91053196 </subfield>
		</datafield>
		<datafield tag="020" ind1=" " ind2=" ">
			<subfield code="a">0679410007 (alk. paper)</subfield>
		</datafield>
		<datafield tag="035" ind1=" " ind2=" ">
			<subfield code="a">(TT@)24872-01gali_srtc</subfield>
		</datafield>
		<datafield tag="035" ind1=" " ind2=" ">
			<subfield code="a">(DLC)91053196</subfield>
			<subfield code="9">ExL</subfield>
		</datafield>
		<datafield tag="039" ind1=" " ind2=" ">
			<subfield code="a">24872</subfield>
		</datafield>
		<datafield tag="040" ind1=" " ind2=" ">
			<subfield code="a">DLC</subfield>
			<subfield code="c">DLC</subfield>
			<subfield code="d">DLC</subfield>
			<subfield code="d">OCoLC</subfield>
			<subfield code="d">DLC</subfield>
		</datafield>
		<datafield tag="041" ind1="1" ind2=" ">
			<subfield code="a">eng</subfield>
			<subfield code="h">rus</subfield>
		</datafield>
		<datafield tag="043" ind1=" " ind2=" ">
			<subfield code="a">e-ur---</subfield>
		</datafield>
		<datafield tag="050" ind1="0" ind2="0">
			<subfield code="a">PG3366</subfield>
			<subfield code="b">.A6 1992</subfield>
		</datafield>
		<datafield tag="082" ind1="0" ind2="0">
			<subfield code="a">891.73/3</subfield>
			<subfield code="2">20</subfield>
		</datafield>
		<datafield tag="100" ind1="1" ind2=" ">
			<subfield code="a">Tolstoy, Leo,</subfield>
			<subfield code="c">graf,</subfield>
			<subfield code="d">1828-1910.</subfield>
		</datafield>
		<datafield tag="240" ind1="1" ind2="0">
			<subfield code="a">Anna Karenina.</subfield>
			<subfield code="l">English</subfield>
		</datafield>
		<datafield tag="245" ind1="1" ind2="0">
			<subfield code="a">Anna Karenina /</subfield>
			<subfield code="c">Leo Tolstoy ; translated from the Russian by Louise and Aylmer Maude ; with an introduction by John Bayley.</subfield>
		</datafield>
		<datafield tag="260" ind1=" " ind2=" ">
			<subfield code="a">New York :</subfield>
			<subfield code="b">Knopf :</subfield>
			<subfield code="b">Distributed by Random House,</subfield>
			<subfield code="c">1992.</subfield>
		</datafield>
		<datafield tag="300" ind1=" " ind2=" ">
			<subfield code="a">xlix, 963 p. ;</subfield>
			<subfield code="c">22 cm.</subfield>
		</datafield>
		<datafield tag="490" ind1="0" ind2=" ">
			<subfield code="a">Everyman's library ;</subfield>
			<subfield code="v">58</subfield>
		</datafield>
		<datafield tag="500" ind1=" " ind2=" ">
			<subfield code="a">Translation of: Anna Karenina.</subfield>
		</datafield>
		<datafield tag="650" ind1=" " ind2="0">
			<subfield code="a">Married women</subfield>
			<subfield code="x">Fiction.</subfield>
		</datafield>
		<datafield tag="650" ind1=" " ind2="0">
			<subfield code="a">Adultery</subfield>
			<subfield code="x">Fiction.</subfield>
		</datafield>
		<datafield tag="651" ind1=" " ind2="0">
			<subfield code="a">Russia</subfield>
			<subfield code="x">Fiction.</subfield>
		</datafield>
		<datafield tag="655" ind1=" " ind2="7">
			<subfield code="a">Love stories.</subfield>
			<subfield code="2">gsafd</subfield>
		</datafield>
		<datafield tag="655" ind1=" " ind2="7">
			<subfield code="a">Didactic fiction.</subfield>
			<subfield code="2">gsafd</subfield>
		</datafield>
		<datafield tag="700" ind1="1" ind2=" ">
			<subfield code="a">Maude, Louise Shanks,</subfield>
			<subfield code="d">1855-1939.</subfield>
		</datafield>
		<datafield tag="700" ind1="1" ind2=" ">
			<subfield code="a">Maude, Aylmer,</subfield>
			<subfield code="d">1858-1938.</subfield>
		</datafield>
		<datafield tag="856" ind1="4" ind2="2">
			<subfield code="3">Publisher description</subfield>
			<subfield code="u">http://www.loc.gov/catdir/description/random046/91053196.html</subfield>
		</datafield>
		<datafield tag="949" ind1=" " ind2=" ">
			<subfield code="a">TATC</subfield>
			<subfield code="c">PG 3366</subfield>
			<subfield code="d">.A6 1992</subfield>
			<subfield code="g">22623000010899</subfield>
			<subfield code="q">NEW</subfield>
			<subfield code="p">23.00</subfield>
		</datafield>
	</record>