
	<record>
		<leader>01384cam a2200253 a 4500</leader>
		<controlfield tag="001">991000248889704574</controlfield>
		<controlfield tag="005">20150825171025.0</controlfield>
		<controlfield tag="008">911022s1992    pau           000 1 eng  </controlfield>
		<datafield tag="010" ind1=" " ind2=" ">
			<subfield code="a">   91058651 </subfield>
		</datafield>
		<datafield tag="020" ind1=" " ind2=" ">
			<subfield code="a">156138111X</subfield>
		</datafield>
		<datafield tag="035" ind1=" " ind2=" ">
			<subfield code="a">(TT@)24888-01gali_srtc</subfield>
		</datafield>
		<datafield tag="035" ind1=" " ind2=" ">
			<subfield code="a">(DLC)91058651</subfield>
			<subfield code="9">ExL</subfield>
		</datafield>
		<datafield tag="039" ind1=" " ind2=" ">
			<subfield code="a">24888</subfield>
		</datafield>
		<datafield tag="040" ind1=" " ind2=" ">
			<subfield code="a">DLC</subfield>
			<subfield code="c">DLC</subfield>
			<subfield code="d">DLC</subfield>
		</datafield>
		<datafield tag="050" ind1="0" ind2="0">
			<subfield code="a">PS2649.P5</subfield>
			<subfield code="b">A6 1992</subfield>
		</datafield>
		<datafield tag="082" ind1="0" ind2="0">
			<subfield code="a">813/.52</subfield>
			<subfield code="2">20</subfield>
		</datafield>
		<datafield tag="100" ind1="1" ind2=" ">
			<subfield code="a">Henry, O.,</subfield>
			<subfield code="d">1862-1910.</subfield>
		</datafield>
		<datafield tag="245" ind1="1" ind2="4">
			<subfield code="a">The best of O. Henry.</subfield>
		</datafield>
		<datafield tag="260" ind1=" " ind2=" ">
			<subfield code="a">Philadelphia, Pa. :</subfield>
			<subfield code="b">Courage Books,</subfield>
			<subfield code="c">c1992.</subfield>
		</datafield>
		<datafield tag="300" ind1=" " ind2=" ">
			<subfield code="a">175 p. ;</subfield>
			<subfield code="c">22 cm.</subfield>
		</datafield>
		<datafield tag="505" ind1="0" ind2=" ">
			<subfield code="a">A Harlem Tragedy -- A Lickpenny Lover -- One Thousand Dollars -- The Pride of the City -- The Defeat of the Cities -- Transients in Aracadia -- The Furnished Room -- The Love-Philtre of Ikey Schoenstein -- The Rathskeller and the Rose -- The Cop and the Anthem -- The Green Door -- Raggles: Or the Making of a New Yorker -- Memoirs of a Yellow Dog -- Springtime a la Carte -- The Girl and the Graft -- The Voice of the City -- The City of Dreadful Night -- The Skylight Room -- The Last Leaf -- The Clarion Call -- The Purple Dress -- The Tale of the Tainted Tenner -- Gifts of the Magi -- The Rubaiyat of a Scotch Highball -- The Buyer from Cactus City -- The Ransom of Red Chief.</subfield>
		</datafield>
		<datafield tag="590" ind1=" " ind2=" ">
			<subfield code="a">Gift</subfield>
			<subfield code="b">$20.00</subfield>
			<subfield code="c">8.18.2015</subfield>
		</datafield>
		<datafield tag="650" ind1=" " ind2="0">
			<subfield code="a">Literature.</subfield>
		</datafield>
		<datafield tag="651" ind1=" " ind2="0">
			<subfield code="a">United States</subfield>
			<subfield code="x">Social life and customs</subfield>
			<subfield code="x">Fiction.</subfield>
		</datafield>
		<datafield tag="949" ind1=" " ind2=" ">
			<subfield code="a">TTI</subfield>
			<subfield code="c">PS2649.P5</subfield>
			<subfield code="d">A6 1992</subfield>
			<subfield code="g">30858100103238</subfield>
			<subfield code="p">20.00</subfield>
		</datafield>
	</record>