
	<record>
		<leader>00813nam a2200265 a 4500</leader>
		<controlfield tag="001">991000248959704574</controlfield>
		<controlfield tag="005">20150826172551.0</controlfield>
		<controlfield tag="008">930818s1991    nyua          000 0 eng d</controlfield>
		<datafield tag="010" ind1=" " ind2=" ">
			<subfield code="a">   91137616 </subfield>
		</datafield>
		<datafield tag="020" ind1=" " ind2=" ">
			<subfield code="a">0800716493</subfield>
		</datafield>
		<datafield tag="035" ind1=" " ind2=" ">
			<subfield code="a">(TT@)24895-01gali_srtc</subfield>
		</datafield>
		<datafield tag="035" ind1=" " ind2=" ">
			<subfield code="a">(DLC)91137616</subfield>
			<subfield code="9">ExL</subfield>
		</datafield>
		<datafield tag="035" ind1=" " ind2=" ">
			<subfield code="a">(OCoLC)23446683</subfield>
		</datafield>
		<datafield tag="039" ind1=" " ind2=" ">
			<subfield code="a">24895</subfield>
		</datafield>
		<datafield tag="040" ind1=" " ind2=" ">
			<subfield code="a">IArlh</subfield>
			<subfield code="c">IArlh</subfield>
			<subfield code="d">OU</subfield>
			<subfield code="d">DLC</subfield>
		</datafield>
		<datafield tag="042" ind1=" " ind2=" ">
			<subfield code="a">lccopycat</subfield>
		</datafield>
		<datafield tag="050" ind1="0" ind2="4">
			<subfield code="a">PS3568.I28</subfield>
			<subfield code="b">T6 1991</subfield>
		</datafield>
		<datafield tag="100" ind1="1" ind2=" ">
			<subfield code="a">Rice, Helen Steiner.</subfield>
		</datafield>
		<datafield tag="245" ind1="1" ind2="0">
			<subfield code="a">To mother with love /</subfield>
			<subfield code="c">Helen Steiner Rice ; compiled by Virginia J. Ruehlmann.</subfield>
		</datafield>
		<datafield tag="260" ind1=" " ind2=" ">
			<subfield code="a">Tarrytown, N.Y. :</subfield>
			<subfield code="b">Fleming H. Revell Co.,</subfield>
			<subfield code="c">c1991.</subfield>
		</datafield>
		<datafield tag="300" ind1=" " ind2=" ">
			<subfield code="a">96 p. :</subfield>
			<subfield code="b">col. ill. ;</subfield>
			<subfield code="c">21 cm.</subfield>
		</datafield>
		<datafield tag="590" ind1=" " ind2=" ">
			<subfield code="a">Gift</subfield>
			<subfield code="b">$12.00</subfield>
			<subfield code="c">8.18.2015</subfield>
		</datafield>
		<datafield tag="650" ind1=" " ind2="0">
			<subfield code="a">Christian poetry, American.</subfield>
		</datafield>
		<datafield tag="650" ind1=" " ind2="0">
			<subfield code="a">Poetry.</subfield>
		</datafield>
		<datafield tag="700" ind1="1" ind2="0">
			<subfield code="a">Ruehlmann, Virginia J.</subfield>
		</datafield>
		<datafield tag="949" ind1=" " ind2=" ">
			<subfield code="a">TTI</subfield>
			<subfield code="c">PS3568.I28</subfield>
			<subfield code="d">T6 1991</subfield>
			<subfield code="g">30858100103048</subfield>
			<subfield code="p">12.00</subfield>
		</datafield>
	</record>