
	<record>
		<leader>00861pam a2200265 a 4500</leader>
		<controlfield tag="001">991000249439704574</controlfield>
		<controlfield tag="005">20150706105637.0</controlfield>
		<controlfield tag="008">920519r19921992mau           000 1 eng  </controlfield>
		<datafield tag="010" ind1=" " ind2=" ">
			<subfield code="a">   92020301 </subfield>
		</datafield>
		<datafield tag="020" ind1=" " ind2=" ">
			<subfield code="a">0571129285 :</subfield>
			<subfield code="c">$21.95</subfield>
		</datafield>
		<datafield tag="035" ind1=" " ind2=" ">
			<subfield code="a">(TT@)24943-01gali_srtc</subfield>
		</datafield>
		<datafield tag="035" ind1=" " ind2=" ">
			<subfield code="a">92020301</subfield>
			<subfield code="9">ExL</subfield>
		</datafield>
		<datafield tag="039" ind1=" " ind2=" ">
			<subfield code="a">24943</subfield>
		</datafield>
		<datafield tag="040" ind1=" " ind2=" ">
			<subfield code="a">DLC</subfield>
			<subfield code="c">DLC</subfield>
			<subfield code="d">DLC</subfield>
		</datafield>
		<datafield tag="050" ind1="0" ind2="0">
			<subfield code="a">PR1309.L68</subfield>
			<subfield code="b">L68 1992</subfield>
		</datafield>
		<datafield tag="245" ind1="0" ind2="0">
			<subfield code="a">Love &amp; loss :</subfield>
			<subfield code="b">stories of the heart /</subfield>
			<subfield code="c">edited by Georgina Hammick.</subfield>
		</datafield>
		<datafield tag="260" ind1=" " ind2=" ">
			<subfield code="a">Boston :</subfield>
			<subfield code="b">Faber and Faber,</subfield>
			<subfield code="c">1992.</subfield>
		</datafield>
		<datafield tag="300" ind1=" " ind2=" ">
			<subfield code="a">xvi, 223 p. ;</subfield>
			<subfield code="c">24 cm.</subfield>
		</datafield>
		<datafield tag="650" ind1=" " ind2="0">
			<subfield code="a">Love stories, English.</subfield>
		</datafield>
		<datafield tag="650" ind1=" " ind2="0">
			<subfield code="a">Love stories, American.</subfield>
		</datafield>
		<datafield tag="650" ind1=" " ind2="0">
			<subfield code="a">English fiction</subfield>
			<subfield code="x">Women authors.</subfield>
		</datafield>
		<datafield tag="650" ind1=" " ind2="0">
			<subfield code="a">American fiction</subfield>
			<subfield code="x">Women authors.</subfield>
		</datafield>
		<datafield tag="650" ind1=" " ind2="0">
			<subfield code="a">English fiction</subfield>
			<subfield code="y">20th century.</subfield>
		</datafield>
		<datafield tag="650" ind1=" " ind2="0">
			<subfield code="a">American fiction</subfield>
			<subfield code="y">20th century.</subfield>
		</datafield>
		<datafield tag="700" ind1="1" ind2=" ">
			<subfield code="a">Hammick, Georgina.</subfield>
		</datafield>
		<datafield tag="740" ind1="0" ind2=" ">
			<subfield code="a">Love and loss.</subfield>
		</datafield>
		<datafield tag="949" ind1=" " ind2=" ">
			<subfield code="a">TTI</subfield>
			<subfield code="c">PR1309.L68</subfield>
			<subfield code="d">L68 1992</subfield>
			<subfield code="g">30407100130500</subfield>
			<subfield code="p">21.95</subfield>
		</datafield>
	</record>