
	<record>
		<leader>00955pam a2200277 a 4500</leader>
		<controlfield tag="001">991000250269704574</controlfield>
		<controlfield tag="005">20160622124212.0</controlfield>
		<controlfield tag="008">921006s1993    nyua          001 0 eng c</controlfield>
		<datafield tag="010" ind1=" " ind2=" ">
			<subfield code="a">   92048740 </subfield>
		</datafield>
		<datafield tag="020" ind1=" " ind2=" ">
			<subfield code="a">0827352786</subfield>
		</datafield>
		<datafield tag="035" ind1=" " ind2=" ">
			<subfield code="a">(TT@)25026-01gali_srtc</subfield>
		</datafield>
		<datafield tag="035" ind1=" " ind2=" ">
			<subfield code="a">(DLC)92048740</subfield>
			<subfield code="9">ExL</subfield>
		</datafield>
		<datafield tag="039" ind1=" " ind2=" ">
			<subfield code="a">25026</subfield>
		</datafield>
		<datafield tag="040" ind1=" " ind2=" ">
			<subfield code="a">DNLM/DLC</subfield>
			<subfield code="c">DLC</subfield>
			<subfield code="d">DLC</subfield>
		</datafield>
		<datafield tag="050" ind1="0" ind2="0">
			<subfield code="a">R123</subfield>
			<subfield code="b">.S6 1993</subfield>
		</datafield>
		<datafield tag="060" ind1=" " ind2=" ">
			<subfield code="a">W 18 D399m</subfield>
		</datafield>
		<datafield tag="082" ind1="0" ind2="0">
			<subfield code="a">610/.14</subfield>
			<subfield code="2">20</subfield>
		</datafield>
		<datafield tag="100" ind1="1" ind2=" ">
			<subfield code="a">Dennerll, Jean Tannis.</subfield>
		</datafield>
		<datafield tag="245" ind1="1" ind2="0">
			<subfield code="a">Medical terminology made easy /</subfield>
			<subfield code="c">Jean Tannis Dennerll.</subfield>
		</datafield>
		<datafield tag="260" ind1=" " ind2=" ">
			<subfield code="a">Albany, N.Y. :</subfield>
			<subfield code="b">Delmar Publishers,</subfield>
			<subfield code="c">c1993.</subfield>
		</datafield>
		<datafield tag="300" ind1=" " ind2=" ">
			<subfield code="a">ix, 296 p. :</subfield>
			<subfield code="b">ill. (some col.) ;</subfield>
			<subfield code="c">24 cm.</subfield>
		</datafield>
		<datafield tag="500" ind1=" " ind2=" ">
			<subfield code="a">Adapted from: Medical terminology / Genevieve Love Smith, Phyllis E. Davis, Jean Tannis Dennerll. 6th ed. c1991.</subfield>
		</datafield>
		<datafield tag="500" ind1=" " ind2=" ">
			<subfield code="a">Includes index.</subfield>
		</datafield>
		<datafield tag="650" ind1=" " ind2="0">
			<subfield code="a">Medicine</subfield>
			<subfield code="x">Terminology</subfield>
			<subfield code="x">Programmed instruction.</subfield>
		</datafield>
		<datafield tag="650" ind1=" " ind2="2">
			<subfield code="a">Terminology</subfield>
			<subfield code="x">programmed instruction.</subfield>
		</datafield>
		<datafield tag="700" ind1="1" ind2="1">
			<subfield code="a">Smith, Genevieve Love.</subfield>
			<subfield code="t">Medical terminology.</subfield>
		</datafield>
		<datafield tag="949" ind1="1" ind2=" ">
			<subfield code="a">TATA</subfield>
			<subfield code="g">9780827352780</subfield>
			<subfield code="p">25.00</subfield>
		</datafield>
	</record>