
	<record>
		<leader>00659pam a2200217 a 4500</leader>
		<controlfield tag="001">991000251009704574</controlfield>
		<controlfield tag="005">20150706105741.0</controlfield>
		<controlfield tag="008">930406s1993    nyu           000 1 eng  </controlfield>
		<datafield tag="010" ind1=" " ind2=" ">
			<subfield code="a">   93004131 </subfield>
		</datafield>
		<datafield tag="020" ind1=" " ind2=" ">
			<subfield code="a">0670829951 :</subfield>
			<subfield code="c">$24.00</subfield>
		</datafield>
		<datafield tag="035" ind1=" " ind2=" ">
			<subfield code="a">(TT@)25100-01gali_srtc</subfield>
		</datafield>
		<datafield tag="035" ind1=" " ind2=" ">
			<subfield code="a">93004131</subfield>
			<subfield code="9">ExL</subfield>
		</datafield>
		<datafield tag="039" ind1=" " ind2=" ">
			<subfield code="a">25100</subfield>
		</datafield>
		<datafield tag="040" ind1=" " ind2=" ">
			<subfield code="a">DLC</subfield>
			<subfield code="c">DLC</subfield>
			<subfield code="d">DLC</subfield>
		</datafield>
		<datafield tag="050" ind1="0" ind2="0">
			<subfield code="a">PS3554.E37</subfield>
			<subfield code="b">L6 1993</subfield>
		</datafield>
		<datafield tag="100" ind1="1" ind2=" ">
			<subfield code="a">Deford, Frank.</subfield>
		</datafield>
		<datafield tag="245" ind1="1" ind2="0">
			<subfield code="a">Love and infamy /</subfield>
			<subfield code="c">Frank Deford.</subfield>
		</datafield>
		<datafield tag="260" ind1=" " ind2=" ">
			<subfield code="a">New York :</subfield>
			<subfield code="b">Viking,</subfield>
			<subfield code="c">1993.</subfield>
		</datafield>
		<datafield tag="300" ind1=" " ind2=" ">
			<subfield code="a">516 p. ;</subfield>
			<subfield code="c">24 cm.</subfield>
		</datafield>
		<datafield tag="650" ind1=" " ind2="0">
			<subfield code="a">Man-woman relationships</subfield>
			<subfield code="z">Japan</subfield>
			<subfield code="x">Fiction.</subfield>
		</datafield>
		<datafield tag="650" ind1=" " ind2="0">
			<subfield code="a">Americans</subfield>
			<subfield code="z">Japan</subfield>
			<subfield code="x">Fiction.</subfield>
		</datafield>
		<datafield tag="651" ind1=" " ind2="0">
			<subfield code="a">Japan</subfield>
			<subfield code="x">History</subfield>
			<subfield code="y">1926-1945</subfield>
			<subfield code="x">Fiction.</subfield>
		</datafield>
		<datafield tag="949" ind1=" " ind2=" ">
			<subfield code="a">TTI</subfield>
			<subfield code="c">PS3554.E37</subfield>
			<subfield code="d">L6 1993</subfield>
			<subfield code="g">30407100221762</subfield>
			<subfield code="p">24.00</subfield>
		</datafield>
	</record>