
	<record>
		<leader>01669cam a2200421 a 4500</leader>
		<controlfield tag="001">991000251609704574</controlfield>
		<controlfield tag="005">20150706133208.0</controlfield>
		<controlfield tag="008">930304s1993    maua   j      000 1 eng  </controlfield>
		<datafield tag="010" ind1=" " ind2=" ">
			<subfield code="a">   93018836 </subfield>
		</datafield>
		<datafield tag="020" ind1=" " ind2=" ">
			<subfield code="a">0395570352</subfield>
		</datafield>
		<datafield tag="035" ind1=" " ind2=" ">
			<subfield code="a">(TT@)25160-01gali_srtc</subfield>
		</datafield>
		<datafield tag="035" ind1=" " ind2=" ">
			<subfield code="a">(DLC)93018836</subfield>
			<subfield code="9">ExL</subfield>
		</datafield>
		<datafield tag="039" ind1=" " ind2=" ">
			<subfield code="a">25160</subfield>
		</datafield>
		<datafield tag="040" ind1=" " ind2=" ">
			<subfield code="a">DLC</subfield>
			<subfield code="c">DLC</subfield>
			<subfield code="d">DLC</subfield>
		</datafield>
		<datafield tag="050" ind1="0" ind2="0">
			<subfield code="a">PZ7.S2744</subfield>
			<subfield code="b">Gr 1993</subfield>
		</datafield>
		<datafield tag="100" ind1="1" ind2=" ">
			<subfield code="a">Say, Allen.</subfield>
		</datafield>
		<datafield tag="245" ind1="1" ind2="0">
			<subfield code="a">Grandfather's journey /</subfield>
			<subfield code="c"> written and illustrated by Allen Say.</subfield>
		</datafield>
		<datafield tag="260" ind1=" " ind2=" ">
			<subfield code="a">Boston :</subfield>
			<subfield code="b">Houghton Mifflin,</subfield>
			<subfield code="c">1993.</subfield>
		</datafield>
		<datafield tag="300" ind1=" " ind2=" ">
			<subfield code="a">32 p. :</subfield>
			<subfield code="b">col. ill. ;</subfield>
			<subfield code="c">30 cm.</subfield>
		</datafield>
		<datafield tag="520" ind1=" " ind2=" ">
			<subfield code="a">A Japanese American man recounts his grandfather's journey to America which he later also undertakes, and the feelings of being torn by a love for two different countries.</subfield>
		</datafield>
		<datafield tag="500" ind1=" " ind2=" ">
			<subfield code="a">Source: Copyright deposit, Dec. 21, 1993.</subfield>
			<subfield code="5">DLC</subfield>
		</datafield>
		<datafield tag="586" ind1=" " ind2=" ">
			<subfield code="a">Caldecott medal, 1994.</subfield>
		</datafield>
		<datafield tag="590" ind1=" " ind2=" ">
			<subfield code="a">State</subfield>
			<subfield code="b">5/17/06</subfield>
		</datafield>
		<datafield tag="650" ind1=" " ind2="0">
			<subfield code="a">Grandfathers</subfield>
			<subfield code="x">Fiction.</subfield>
		</datafield>
		<datafield tag="650" ind1=" " ind2="0">
			<subfield code="a">Caldecott Medal.</subfield>
		</datafield>
		<datafield tag="650" ind1=" " ind2="0">
			<subfield code="a">Voyages and travels</subfield>
			<subfield code="x">Fiction.</subfield>
		</datafield>
		<datafield tag="650" ind1=" " ind2="0">
			<subfield code="a">Homesickness</subfield>
			<subfield code="x">Fiction.</subfield>
		</datafield>
		<datafield tag="650" ind1=" " ind2="0">
			<subfield code="a">Early childhood education.</subfield>
		</datafield>
		<datafield tag="650" ind1=" " ind2="0">
			<subfield code="a">Children's stories.</subfield>
		</datafield>
		<datafield tag="650" ind1=" " ind2="0">
			<subfield code="a">Social issues</subfield>
			<subfield code="x">Juvenile literature. </subfield>
		</datafield>
		<datafield tag="651" ind1=" " ind2="0">
			<subfield code="a">Japan</subfield>
			<subfield code="x">Fiction.</subfield>
		</datafield>
		<datafield tag="651" ind1=" " ind2="0">
			<subfield code="a">United States</subfield>
			<subfield code="x">Description and travel</subfield>
			<subfield code="x">Fiction.</subfield>
		</datafield>
		<datafield tag="650" ind1=" " ind2="0">
			<subfield code="a">Japanese Americans</subfield>
			<subfield code="x">Fiction.</subfield>
		</datafield>
		<datafield tag="653" ind1="0" ind2=" ">
			<subfield code="a">Imprints 20th century 1993.</subfield>
		</datafield>
		<datafield tag="710" ind1="2" ind2=" ">
			<subfield code="a">Juvenile Collection (Library of Congress)</subfield>
		</datafield>
		<datafield tag="856" ind1="4" ind2="2">
			<subfield code="3">Publisher description</subfield>
			<subfield code="u">http://www.loc.gov/catdir/description/hm021/93018836.html</subfield>
		</datafield>
		<datafield tag="949" ind1="1" ind2=" ">
			<subfield code="a">CAM</subfield>
			<subfield code="c">PZ7.S2744</subfield>
			<subfield code="d">Gr 1993 Easy</subfield>
			<subfield code="g">30407100298299</subfield>
			<subfield code="n">Copy 3</subfield>
			<subfield code="p">16.95</subfield>
		</datafield>
		<datafield tag="949" ind1="1" ind2=" ">
			<subfield code="a">GRADYJ</subfield>
			<subfield code="c">PZ7.S2744</subfield>
			<subfield code="d">Gr 1993 Easy</subfield>
			<subfield code="g">30407100298281</subfield>
			<subfield code="n">Copy 2</subfield>
			<subfield code="p">16.95</subfield>
		</datafield>
		<datafield tag="949" ind1="1" ind2=" ">
			<subfield code="a">TTJ</subfield>
			<subfield code="c">PZ7.S2744</subfield>
			<subfield code="d">Gr 1993 Easy</subfield>
			<subfield code="g">30407100388421</subfield>
			<subfield code="p">16.95</subfield>
		</datafield>
	</record>