
	<record>
		<leader>00666pam a2200205 a 4500</leader>
		<controlfield tag="001">991000252519704574</controlfield>
		<controlfield tag="005">20150706105840.0</controlfield>
		<controlfield tag="008">930924s1994    iau          s000 0 eng  </controlfield>
		<datafield tag="010" ind1=" " ind2=" ">
			<subfield code="a">   93038321 </subfield>
		</datafield>
		<datafield tag="020" ind1=" " ind2=" ">
			<subfield code="a">0877454515 (pbk. : acid-free paper) :</subfield>
			<subfield code="c">$10.95</subfield>
		</datafield>
		<datafield tag="035" ind1=" " ind2=" ">
			<subfield code="a">(TT@)25251-01gali_srtc</subfield>
		</datafield>
		<datafield tag="035" ind1=" " ind2=" ">
			<subfield code="a">93038321</subfield>
			<subfield code="9">ExL</subfield>
		</datafield>
		<datafield tag="039" ind1=" " ind2=" ">
			<subfield code="a">25251</subfield>
		</datafield>
		<datafield tag="040" ind1=" " ind2=" ">
			<subfield code="a">DLC</subfield>
			<subfield code="c">DLC</subfield>
			<subfield code="d">DLC</subfield>
		</datafield>
		<datafield tag="050" ind1="0" ind2="0">
			<subfield code="a">PS3558.E413</subfield>
			<subfield code="b">L68 1994</subfield>
		</datafield>
		<datafield tag="100" ind1="1" ind2=" ">
			<subfield code="a">Heffernan, Michael,</subfield>
			<subfield code="d">1942-</subfield>
		</datafield>
		<datafield tag="245" ind1="1" ind2="0">
			<subfield code="a">Love's answer :</subfield>
			<subfield code="b">poems /</subfield>
			<subfield code="c">by Michael Heffernan.</subfield>
		</datafield>
		<datafield tag="260" ind1=" " ind2=" ">
			<subfield code="a">Iowa City :</subfield>
			<subfield code="b">University of Iowa Press,</subfield>
			<subfield code="c">c1994.</subfield>
		</datafield>
		<datafield tag="300" ind1=" " ind2=" ">
			<subfield code="a">xi, 83 p. ;</subfield>
			<subfield code="c">21 cm.</subfield>
		</datafield>
		<datafield tag="440" ind1=" " ind2="0">
			<subfield code="a">Iowa poetry prize</subfield>
		</datafield>
		<datafield tag="440" ind1=" " ind2="0">
			<subfield code="a">Edwin Ford Piper poetry award</subfield>
		</datafield>
		<datafield tag="949" ind1=" " ind2=" ">
			<subfield code="a">TTI</subfield>
			<subfield code="c">PS3558.E413</subfield>
			<subfield code="d">L68 1994</subfield>
			<subfield code="g">30407100045641</subfield>
			<subfield code="p">10.95</subfield>
		</datafield>
	</record>