
	<record>
		<leader>00640nam a2200193 a 4500</leader>
		<controlfield tag="001">991000256869704574</controlfield>
		<controlfield tag="005">20150706110128.0</controlfield>
		<controlfield tag="008">941107s1995    flu           000 0 eng  </controlfield>
		<datafield tag="010" ind1=" " ind2=" ">
			<subfield code="a">   94041972 </subfield>
		</datafield>
		<datafield tag="020" ind1=" " ind2=" ">
			<subfield code="a">1562800914 :</subfield>
			<subfield code="c">$14.95</subfield>
		</datafield>
		<datafield tag="035" ind1=" " ind2=" ">
			<subfield code="a">(TT@)25686-01gali_srtc</subfield>
		</datafield>
		<datafield tag="035" ind1=" " ind2=" ">
			<subfield code="a">94041972</subfield>
			<subfield code="9">ExL</subfield>
		</datafield>
		<datafield tag="039" ind1=" " ind2=" ">
			<subfield code="a">25686</subfield>
		</datafield>
		<datafield tag="040" ind1=" " ind2=" ">
			<subfield code="a">DLC</subfield>
			<subfield code="c">DLC</subfield>
		</datafield>
		<datafield tag="050" ind1="0" ind2="0">
			<subfield code="a">HQ75.6.U5</subfield>
			<subfield code="b">J635 1995</subfield>
		</datafield>
		<datafield tag="100" ind1="1" ind2=" ">
			<subfield code="a">Johnson, Susan E.,</subfield>
			<subfield code="d">1940-</subfield>
		</datafield>
		<datafield tag="245" ind1="1" ind2="0">
			<subfield code="a">For love and for life :</subfield>
			<subfield code="b">intimate portraits of lesbian couples /</subfield>
			<subfield code="c">by Susan Johnson.</subfield>
		</datafield>
		<datafield tag="260" ind1=" " ind2=" ">
			<subfield code="a">Tallahassee, FL :</subfield>
			<subfield code="b">Naiad Press,</subfield>
			<subfield code="c">1995.</subfield>
		</datafield>
		<datafield tag="300" ind1=" " ind2=" ">
			<subfield code="a">201 p. ;</subfield>
			<subfield code="c">21 cm.</subfield>
		</datafield>
		<datafield tag="650" ind1=" " ind2="0">
			<subfield code="a">Lesbian couples</subfield>
			<subfield code="z">United States</subfield>
			<subfield code="x">Case studies.</subfield>
		</datafield>
		<datafield tag="949" ind1="1" ind2=" ">
			<subfield code="a">TTI</subfield>
			<subfield code="c">HQ75.6.U5</subfield>
			<subfield code="d">J635 1995</subfield>
			<subfield code="g">30407100141408</subfield>
			<subfield code="p">14.95</subfield>
		</datafield>
	</record>