
	<record>
		<leader>00752nam a2200241 a 4500</leader>
		<controlfield tag="001">991000259809704574</controlfield>
		<controlfield tag="005">20150706110320.0</controlfield>
		<controlfield tag="008">950322s1995    pau      b    001 0 eng  </controlfield>
		<datafield tag="010" ind1=" " ind2=" ">
			<subfield code="a">   95013583 </subfield>
		</datafield>
		<datafield tag="020" ind1=" " ind2=" ">
			<subfield code="a">0070388059 (h)</subfield>
		</datafield>
		<datafield tag="020" ind1=" " ind2=" ">
			<subfield code="a">0070388067 (p)</subfield>
		</datafield>
		<datafield tag="035" ind1=" " ind2=" ">
			<subfield code="a">(TT@)25980-01gali_srtc</subfield>
		</datafield>
		<datafield tag="035" ind1=" " ind2=" ">
			<subfield code="a">95013583</subfield>
			<subfield code="9">ExL</subfield>
		</datafield>
		<datafield tag="039" ind1=" " ind2=" ">
			<subfield code="a">25980</subfield>
		</datafield>
		<datafield tag="040" ind1=" " ind2=" ">
			<subfield code="a">DLC</subfield>
			<subfield code="c">DLC</subfield>
		</datafield>
		<datafield tag="050" ind1="0" ind2="0">
			<subfield code="a">TL711.T3</subfield>
			<subfield code="b">L68 1995</subfield>
		</datafield>
		<datafield tag="100" ind1="1" ind2=" ">
			<subfield code="a">Love, Michael Charles.</subfield>
		</datafield>
		<datafield tag="245" ind1="1" ind2="0">
			<subfield code="a">Better takeoffs &amp; landings /</subfield>
			<subfield code="c">by Michael Charles Love.</subfield>
		</datafield>
		<datafield tag="246" ind1="3" ind2=" ">
			<subfield code="a">Better takeoffs and landings</subfield>
		</datafield>
		<datafield tag="260" ind1=" " ind2=" ">
			<subfield code="a">Blue Ridge Summit, PA :</subfield>
			<subfield code="b">Tab Books,</subfield>
			<subfield code="c">1995.</subfield>
		</datafield>
		<datafield tag="300" ind1=" " ind2=" ">
			<subfield code="a">233 p. ;</subfield>
			<subfield code="c">24 cm.</subfield>
		</datafield>
		<datafield tag="504" ind1=" " ind2=" ">
			<subfield code="a">Includes bibliographical references and index.</subfield>
		</datafield>
		<datafield tag="650" ind1=" " ind2="0">
			<subfield code="a">Airplanes</subfield>
			<subfield code="x">Take-off.</subfield>
		</datafield>
		<datafield tag="650" ind1=" " ind2="0">
			<subfield code="a">Airplanes</subfield>
			<subfield code="x">Landing.</subfield>
		</datafield>
		<datafield tag="949" ind1="1" ind2=" ">
			<subfield code="a">TTI</subfield>
			<subfield code="c">TL711.T3</subfield>
			<subfield code="d">L68 1995</subfield>
			<subfield code="g">30407100101964</subfield>
			<subfield code="p">34.95</subfield>
		</datafield>
	</record>