
	<record>
		<leader>00707cam a2200229 a 4500</leader>
		<controlfield tag="001">991000261489704574</controlfield>
		<controlfield tag="005">20150706110427.0</controlfield>
		<controlfield tag="008">950712r19951995mau     d     000 1 eng  </controlfield>
		<datafield tag="010" ind1=" " ind2=" ">
			<subfield code="a">   95034858 //r95</subfield>
		</datafield>
		<datafield tag="020" ind1=" " ind2=" ">
			<subfield code="a">156895249X (large print : hard)</subfield>
		</datafield>
		<datafield tag="035" ind1=" " ind2=" ">
			<subfield code="a">(TT@)26148-01gali_srtc</subfield>
		</datafield>
		<datafield tag="035" ind1=" " ind2=" ">
			<subfield code="a">(DLC)95034858 //r95</subfield>
			<subfield code="9">ExL</subfield>
		</datafield>
		<datafield tag="039" ind1=" " ind2=" ">
			<subfield code="a">26148</subfield>
		</datafield>
		<datafield tag="040" ind1=" " ind2=" ">
			<subfield code="a">DLC</subfield>
			<subfield code="c">DLC</subfield>
			<subfield code="d">DLC</subfield>
			<subfield code="d">OCoLC</subfield>
		</datafield>
		<datafield tag="050" ind1="1" ind2="0">
			<subfield code="a">PS3563.I41373</subfield>
			<subfield code="b">P57 1995b</subfield>
		</datafield>
		<datafield tag="100" ind1="1" ind2=" ">
			<subfield code="a">Miller, Linda Lael.</subfield>
		</datafield>
		<datafield tag="245" ind1="1" ind2="0">
			<subfield code="a">Pirates /</subfield>
			<subfield code="c">Linda Lael Miller.</subfield>
		</datafield>
		<datafield tag="260" ind1=" " ind2=" ">
			<subfield code="a">Rockland, MA :</subfield>
			<subfield code="b">Wheeler Pub.,</subfield>
			<subfield code="c">c1995.</subfield>
		</datafield>
		<datafield tag="300" ind1=" " ind2=" ">
			<subfield code="a">432 p. (large print) ;</subfield>
			<subfield code="c">24 cm.</subfield>
		</datafield>
		<datafield tag="440" ind1=" " ind2="0">
			<subfield code="a">Wheeler large print book series</subfield>
		</datafield>
		<datafield tag="650" ind1=" " ind2="0">
			<subfield code="a">Large type print.</subfield>
		</datafield>
		<datafield tag="655" ind1=" " ind2="7">
			<subfield code="a">Love stories.</subfield>
			<subfield code="2">gsafd</subfield>
		</datafield>
		<datafield tag="949" ind1="1" ind2=" ">
			<subfield code="a">TTI</subfield>
			<subfield code="c">PS3563.I41373</subfield>
			<subfield code="d">P57 1995b</subfield>
			<subfield code="g">30407100104000</subfield>
			<subfield code="p">25.00</subfield>
		</datafield>
	</record>