
	<record>
		<leader>00765cam a2200241 a 4500</leader>
		<controlfield tag="001">991000267479704574</controlfield>
		<controlfield tag="005">20150706110822.0</controlfield>
		<controlfield tag="008">951031s1986    tnu     d     00010 eng d</controlfield>
		<datafield tag="035" ind1=" " ind2=" ">
			<subfield code="a">(TT@)26747-01gali_srtc</subfield>
		</datafield>
		<datafield tag="035" ind1=" " ind2=" ">
			<subfield code="a">tti95010798</subfield>
			<subfield code="9">ExL</subfield>
		</datafield>
		<datafield tag="035" ind1=" " ind2=" ">
			<subfield code="a">(TTI)95010798</subfield>
		</datafield>
		<datafield tag="039" ind1=" " ind2=" ">
			<subfield code="a">26747</subfield>
		</datafield>
		<datafield tag="040" ind1=" " ind2=" ">
			<subfield code="a">TTI</subfield>
			<subfield code="c">TTI</subfield>
		</datafield>
		<datafield tag="090" ind1=" " ind2=" ">
			<subfield code="a">BT140</subfield>
			<subfield code="b">.S38 1986</subfield>
		</datafield>
		<datafield tag="100" ind1="1" ind2=" ">
			<subfield code="a">Schuller, Robert Harold.</subfield>
		</datafield>
		<datafield tag="245" ind1="1" ind2="0">
			<subfield code="a">Be happy you are loved /</subfield>
			<subfield code="c">Robert H. Schuller.</subfield>
		</datafield>
		<datafield tag="250" ind1=" " ind2=" ">
			<subfield code="a">Large print book club ed.</subfield>
		</datafield>
		<datafield tag="260" ind1=" " ind2=" ">
			<subfield code="a">Nashville, Tenn. :</subfield>
			<subfield code="b">Nelson,</subfield>
			<subfield code="c">c1986.</subfield>
		</datafield>
		<datafield tag="300" ind1=" " ind2=" ">
			<subfield code="a">372 p. (large print) ;</subfield>
			<subfield code="c">25 cm.</subfield>
		</datafield>
		<datafield tag="650" ind1=" " ind2="0">
			<subfield code="a">God</subfield>
			<subfield code="x">Love.</subfield>
		</datafield>
		<datafield tag="650" ind1=" " ind2="0">
			<subfield code="a">God</subfield>
			<subfield code="x">Worship and love.</subfield>
		</datafield>
		<datafield tag="650" ind1=" " ind2="0">
			<subfield code="a">Love</subfield>
			<subfield code="x">Religious aspects</subfield>
			<subfield code="x">Christianity.</subfield>
		</datafield>
		<datafield tag="650" ind1=" " ind2="0">
			<subfield code="a">Self-esteem</subfield>
			<subfield code="x">Religious aspects</subfield>
			<subfield code="x">Christianity.</subfield>
		</datafield>
		<datafield tag="650" ind1=" " ind2="0">
			<subfield code="a">Large type books.</subfield>
		</datafield>
		<datafield tag="949" ind1=" " ind2=" ">
			<subfield code="a">TTI</subfield>
			<subfield code="c">BT140</subfield>
			<subfield code="d">.S38 1986</subfield>
			<subfield code="g">30407100080135</subfield>
			<subfield code="p">25.00</subfield>
		</datafield>
	</record>