
	<record>
		<leader>00321nam a2200133uu 4500</leader>
		<controlfield tag="001">991000271559704574</controlfield>
		<controlfield tag="005">20000419153916.0</controlfield>
		<controlfield tag="008">000419s1995     xx ||||||||||||||||eng d</controlfield>
		<datafield tag="020" ind1=" " ind2=" ">
			<subfield code="a">0373117426</subfield>
		</datafield>
		<datafield tag="035" ind1=" " ind2=" ">
			<subfield code="a">(TT@)27155-01gali_srtc</subfield>
		</datafield>
		<datafield tag="035" ind1=" " ind2=" ">
			<subfield code="a">otf00000075</subfield>
			<subfield code="9">ExL</subfield>
		</datafield>
		<datafield tag="039" ind1=" " ind2=" ">
			<subfield code="a">27155</subfield>
		</datafield>
		<datafield tag="100" ind1="1" ind2=" ">
			<subfield code="a">Browning, Amanda.</subfield>
		</datafield>
		<datafield tag="245" ind1="1" ind2="0">
			<subfield code="a">Trail of love</subfield>
		</datafield>
		<datafield tag="949" ind1="1" ind2=" ">
			<subfield code="a">MLTC</subfield>
			<subfield code="c">PFIC</subfield>
		</datafield>
		<datafield tag="949" ind1="1" ind2=" ">
			<subfield code="a">IDCP</subfield>
			<subfield code="c">PFIC</subfield>
			<subfield code="g">27000000008755</subfield>
			<subfield code="p">3.25</subfield>
		</datafield>
	</record>