
	<record>
		<leader>00626nam a22001931a 4500</leader>
		<controlfield tag="001">991000285879704574</controlfield>
		<controlfield tag="005">20150706112028.0</controlfield>
		<controlfield tag="008">000519s1995    utua|||  |||| 000|0 eng d</controlfield>
		<datafield tag="020" ind1=" " ind2=" ">
			<subfield code="a">0882905252</subfield>
		</datafield>
		<datafield tag="035" ind1=" " ind2=" ">
			<subfield code="a">(TT@)28587-01gali_srtc</subfield>
		</datafield>
		<datafield tag="035" ind1=" " ind2=" ">
			<subfield code="a">tti98004205</subfield>
			<subfield code="9">ExL</subfield>
		</datafield>
		<datafield tag="039" ind1=" " ind2=" ">
			<subfield code="a">28587</subfield>
		</datafield>
		<datafield tag="090" ind1=" " ind2=" ">
			<subfield code="a">GT2402.U6</subfield>
			<subfield code="b">Y38 1995</subfield>
		</datafield>
		<datafield tag="100" ind1="1" ind2=" ">
			<subfield code="a">Yawney, Jeanne.</subfield>
		</datafield>
		<datafield tag="245" ind1="1" ind2="0">
			<subfield code="a">Creating family traditions :</subfield>
			<subfield code="b">building lasting love and values.</subfield>
		</datafield>
		<datafield tag="260" ind1=" " ind2=" ">
			<subfield code="a">Bountiful, UT :</subfield>
			<subfield code="b">Horizon Publishers &amp; Distributors, </subfield>
			<subfield code="c">1995.</subfield>
		</datafield>
		<datafield tag="300" ind1=" " ind2=" ">
			<subfield code="a">108 p. :</subfield>
			<subfield code="b">ill. ;</subfield>
			<subfield code="c">24 cm.</subfield>
		</datafield>
		<datafield tag="650" ind1=" " ind2="0">
			<subfield code="a">Creative activities and seat work.</subfield>
		</datafield>
		<datafield tag="650" ind1=" " ind2="0">
			<subfield code="a">Holiday decorations.</subfield>
		</datafield>
		<datafield tag="650" ind1=" " ind2="0">
			<subfield code="a">Handicraft.</subfield>
		</datafield>
		<datafield tag="949" ind1=" " ind2=" ">
			<subfield code="a">TTI</subfield>
			<subfield code="c">GT2402.U6</subfield>
			<subfield code="d">Y38 1995</subfield>
			<subfield code="g">30407100102046</subfield>
			<subfield code="p">9.98</subfield>
		</datafield>
	</record>