
	<record>
		<leader>00848pam a2200265 a 4500</leader>
		<controlfield tag="001">991000304229704574</controlfield>
		<controlfield tag="005">20160930084230.0</controlfield>
		<controlfield tag="008">920810s1993    nyu      b    001 0 eng  </controlfield>
		<datafield tag="010" ind1=" " ind2=" ">
			<subfield code="a">   92053494 </subfield>
		</datafield>
		<datafield tag="020" ind1=" " ind2=" ">
			<subfield code="a">0887306195</subfield>
		</datafield>
		<datafield tag="035" ind1=" " ind2=" ">
			<subfield code="a">(TT@)30422-01gali_srtc</subfield>
		</datafield>
		<datafield tag="035" ind1=" " ind2=" ">
			<subfield code="a">(DLC)tlc99900196</subfield>
			<subfield code="9">ExL</subfield>
		</datafield>
		<datafield tag="035" ind1=" " ind2=" ">
			<subfield code="z">   92053494 </subfield>
		</datafield>
		<datafield tag="039" ind1=" " ind2=" ">
			<subfield code="a">30422</subfield>
		</datafield>
		<datafield tag="040" ind1=" " ind2=" ">
			<subfield code="a">DLC</subfield>
			<subfield code="c">DLC</subfield>
			<subfield code="d">DLC</subfield>
		</datafield>
		<datafield tag="050" ind1="0" ind2="0">
			<subfield code="a">HF5382.7</subfield>
			<subfield code="b">.M32 1993</subfield>
		</datafield>
		<datafield tag="100" ind1="1" ind2=" ">
			<subfield code="a">Mackay, Harvey.</subfield>
		</datafield>
		<datafield tag="245" ind1="1" ind2="0">
			<subfield code="a">Sharkproof :</subfield>
			<subfield code="b">get the job you want, keep the job you love-- in today's frenzied job market /</subfield>
			<subfield code="c">Harvey B. Mackay.</subfield>
		</datafield>
		<datafield tag="250" ind1=" " ind2=" ">
			<subfield code="a">1st ed.</subfield>
		</datafield>
		<datafield tag="260" ind1=" " ind2=" ">
			<subfield code="a">New York, NY :</subfield>
			<subfield code="b">HarperBusiness,</subfield>
			<subfield code="c">c1993.</subfield>
		</datafield>
		<datafield tag="300" ind1=" " ind2=" ">
			<subfield code="a">xv, 339 p. ;</subfield>
			<subfield code="c">24 cm.</subfield>
		</datafield>
		<datafield tag="504" ind1=" " ind2=" ">
			<subfield code="a">Includes bibliographical references (p. 327-332 ) and index.</subfield>
		</datafield>
		<datafield tag="590" ind1=" " ind2=" ">
			<subfield code="a">Gift</subfield>
			<subfield code="b">22.00</subfield>
			<subfield code="c">11/7/02</subfield>
		</datafield>
		<datafield tag="650" ind1=" " ind2="0">
			<subfield code="a">Job hunting.</subfield>
		</datafield>
		<datafield tag="949" ind1="1" ind2=" ">
			<subfield code="a">TTI</subfield>
			<subfield code="c">HF5382.7</subfield>
			<subfield code="d">.M32 1993</subfield>
		</datafield>
		<datafield tag="949" ind1=" " ind2=" ">
			<subfield code="a">MLTC</subfield>
			<subfield code="c">HF5382.7</subfield>
			<subfield code="d">.M32 1993</subfield>
			<subfield code="g">30858100068696</subfield>
			<subfield code="p">22.00</subfield>
		</datafield>
	</record>