
	<record>
		<leader>01750nam a2200409 a 4500</leader>
		<controlfield tag="001">991000365019704574</controlfield>
		<controlfield tag="005">20150706122420.0</controlfield>
		<controlfield tag="006">m        u        </controlfield>
		<controlfield tag="007">cr cn|||||||||</controlfield>
		<controlfield tag="008">001008s1993    pau     sb    001 0 eng d</controlfield>
		<datafield tag="010" ind1=" " ind2=" ">
			<subfield code="z">93026575</subfield>
		</datafield>
		<datafield tag="020" ind1=" " ind2=" ">
			<subfield code="a">0585113688 (electronic bk.) :</subfield>
			<subfield code="c">$39.95</subfield>
		</datafield>
		<datafield tag="020" ind1=" " ind2=" ">
			<subfield code="z">0812232062 (acid-free paper)</subfield>
		</datafield>
		<datafield tag="035" ind1=" " ind2=" ">
			<subfield code="a">(TT@)36501-01gali_srtc</subfield>
		</datafield>
		<datafield tag="035" ind1=" " ind2=" ">
			<subfield code="a">tlc99907602</subfield>
			<subfield code="9">ExL</subfield>
		</datafield>
		<datafield tag="035" ind1=" " ind2=" ">
			<subfield code="a">17353</subfield>
			<subfield code="b">(N$T)</subfield>
		</datafield>
		<datafield tag="035" ind1=" " ind2=" ">
			<subfield code="z">nL17353</subfield>
		</datafield>
		<datafield tag="039" ind1=" " ind2=" ">
			<subfield code="a">36501</subfield>
		</datafield>
		<datafield tag="040" ind1=" " ind2=" ">
			<subfield code="a">N$T</subfield>
			<subfield code="c">N$T</subfield>
		</datafield>
		<datafield tag="050" ind1="1" ind2="4">
			<subfield code="a">PQ1631.H4</subfield>
			<subfield code="b">C75 1993eb</subfield>
		</datafield>
		<datafield tag="082" ind1="0" ind2="4">
			<subfield code="a">843/.3</subfield>
			<subfield code="2">20</subfield>
		</datafield>
		<datafield tag="245" ind1="0" ind2="0">
			<subfield code="a">Critical tales</subfield>
			<subfield code="h">[computer file] :</subfield>
			<subfield code="b">new studies of the Heptameron and early modern culture /</subfield>
			<subfield code="c">edited by John D. Lyons and Mary B. McKinley.</subfield>
		</datafield>
		<datafield tag="260" ind1=" " ind2=" ">
			<subfield code="a">Philadelphia :</subfield>
			<subfield code="b">University of Pennsylvania Press,</subfield>
			<subfield code="c">c1993.</subfield>
		</datafield>
		<datafield tag="300" ind1=" " ind2=" ">
			<subfield code="a">xii, 296 p. ;</subfield>
			<subfield code="c">24 cm.</subfield>
		</datafield>
		<datafield tag="504" ind1=" " ind2=" ">
			<subfield code="a">Includes bibliographical references (p. [281]-286) and index.</subfield>
		</datafield>
		<datafield tag="533" ind1=" " ind2=" ">
			<subfield code="a">Electronic reproduction.</subfield>
			<subfield code="b">Boulder, Colo. :</subfield>
			<subfield code="c">NetLibrary,</subfield>
			<subfield code="d">2000.</subfield>
			<subfield code="n">Available via World Wide Web.</subfield>
			<subfield code="n">Access may be limited to NetLibrary affiliated libraries.</subfield>
		</datafield>
		<datafield tag="600" ind1="0" ind2="0">
			<subfield code="a">Marguerite,</subfield>
			<subfield code="c">Queen, consort of Henry II, King of Navarre,</subfield>
			<subfield code="d">1492-1549.</subfield>
			<subfield code="t">Heptaméron.</subfield>
		</datafield>
		<datafield tag="650" ind1=" " ind2="0">
			<subfield code="a">Women and literature</subfield>
			<subfield code="z">France</subfield>
			<subfield code="x">History</subfield>
			<subfield code="y">16th century.</subfield>
		</datafield>
		<datafield tag="650" ind1=" " ind2="0">
			<subfield code="a">Love stories, French</subfield>
			<subfield code="x">History and criticism.</subfield>
		</datafield>
		<datafield tag="650" ind1=" " ind2="0">
			<subfield code="a">Characters and characteristics in literature.</subfield>
		</datafield>
		<datafield tag="650" ind1=" " ind2="0">
			<subfield code="a">Narration (Rhetoric)</subfield>
		</datafield>
		<datafield tag="650" ind1=" " ind2="0">
			<subfield code="a">Rhetoric</subfield>
			<subfield code="x">History</subfield>
			<subfield code="y">16th century.</subfield>
		</datafield>
		<datafield tag="650" ind1=" " ind2="0">
			<subfield code="a">Literary form.</subfield>
		</datafield>
		<datafield tag="655" ind1=" " ind2="7">
			<subfield code="a">Electronic books.</subfield>
			<subfield code="2">local</subfield>
		</datafield>
		<datafield tag="700" ind1="1" ind2=" ">
			<subfield code="a">Lyons, John D.,</subfield>
			<subfield code="d">1946-</subfield>
		</datafield>
		<datafield tag="700" ind1="1" ind2=" ">
			<subfield code="a">McKinley, Mary B.</subfield>
		</datafield>
		<datafield tag="710" ind1="2" ind2=" ">
			<subfield code="a">NetLibrary, Inc.</subfield>
		</datafield>
		<datafield tag="776" ind1="0" ind2=" ">
			<subfield code="c">Original</subfield>
			<subfield code="w">(DLC) 93026575</subfield>
		</datafield>
		<datafield tag="856" ind1="4" ind2=" ">
			<subfield code="3">Bibliographic record display:</subfield>
			<subfield code="u">http://purl.galileo.usg.edu/gdir?code=zmnl&amp;id=17353</subfield>
			<subfield code="z">An electronic book accessible through GALILEO; click here</subfield>
		</datafield>
	</record>