
	<record>
		<leader>01296nam a2200349 a 4500</leader>
		<controlfield tag="001">991000382879704574</controlfield>
		<controlfield tag="005">20150706124017.0</controlfield>
		<controlfield tag="006">m        u        </controlfield>
		<controlfield tag="007">cr cn|||||||||</controlfield>
		<controlfield tag="008">001009s1994    iau     s    s000 0 eng d</controlfield>
		<datafield tag="010" ind1=" " ind2=" ">
			<subfield code="z">93038321</subfield>
		</datafield>
		<datafield tag="020" ind1=" " ind2=" ">
			<subfield code="a">1587291061 (electronic bk.) :</subfield>
			<subfield code="c">$23.95</subfield>
		</datafield>
		<datafield tag="020" ind1=" " ind2=" ">
			<subfield code="z">0877454515 (pbk. : acid-free paper)</subfield>
		</datafield>
		<datafield tag="035" ind1=" " ind2=" ">
			<subfield code="a">(TT@)38287-01gali_srtc</subfield>
		</datafield>
		<datafield tag="035" ind1=" " ind2=" ">
			<subfield code="a">tlc99909839</subfield>
			<subfield code="9">ExL</subfield>
		</datafield>
		<datafield tag="035" ind1=" " ind2=" ">
			<subfield code="a">22033</subfield>
			<subfield code="b">(N$T)</subfield>
		</datafield>
		<datafield tag="035" ind1=" " ind2=" ">
			<subfield code="z">nL22033</subfield>
		</datafield>
		<datafield tag="039" ind1=" " ind2=" ">
			<subfield code="a">38287</subfield>
		</datafield>
		<datafield tag="040" ind1=" " ind2=" ">
			<subfield code="a">N$T</subfield>
			<subfield code="c">N$T</subfield>
		</datafield>
		<datafield tag="050" ind1="1" ind2="4">
			<subfield code="a">PS3558.E413</subfield>
			<subfield code="b">L68 1994eb</subfield>
		</datafield>
		<datafield tag="082" ind1="0" ind2="4">
			<subfield code="a">811/.54</subfield>
			<subfield code="2">20</subfield>
		</datafield>
		<datafield tag="100" ind1="1" ind2=" ">
			<subfield code="a">Heffernan, Michael,</subfield>
			<subfield code="d">1942-</subfield>
		</datafield>
		<datafield tag="245" ind1="1" ind2="0">
			<subfield code="a">Love's answer</subfield>
			<subfield code="h">[computer file] :</subfield>
			<subfield code="b">poems /</subfield>
			<subfield code="c">by Michael Heffernan.</subfield>
		</datafield>
		<datafield tag="260" ind1=" " ind2=" ">
			<subfield code="a">Iowa City :</subfield>
			<subfield code="b">University of Iowa Press,</subfield>
			<subfield code="c">c1994.</subfield>
		</datafield>
		<datafield tag="300" ind1=" " ind2=" ">
			<subfield code="a">xi, 83 p. ;</subfield>
			<subfield code="c">21 cm.</subfield>
		</datafield>
		<datafield tag="440" ind1=" " ind2="0">
			<subfield code="a">Iowa poetry prize</subfield>
		</datafield>
		<datafield tag="440" ind1=" " ind2="0">
			<subfield code="a">Edwin Ford Piper poetry award</subfield>
		</datafield>
		<datafield tag="533" ind1=" " ind2=" ">
			<subfield code="a">Electronic reproduction.</subfield>
			<subfield code="b">Boulder, Colo. :</subfield>
			<subfield code="c">NetLibrary,</subfield>
			<subfield code="d">2000.</subfield>
			<subfield code="n">Available via World Wide Web.</subfield>
			<subfield code="n">Access may be limited to NetLibrary affiliated libraries.</subfield>
		</datafield>
		<datafield tag="650" ind1=" " ind2="0">
			<subfield code="a">Poetry</subfield>
			<subfield code="x">Collections.</subfield>
		</datafield>
		<datafield tag="650" ind1=" " ind2="0">
			<subfield code="a">Poetry.</subfield>
		</datafield>
		<datafield tag="655" ind1=" " ind2="7">
			<subfield code="a">Electronic books.</subfield>
			<subfield code="2">local</subfield>
		</datafield>
		<datafield tag="710" ind1="2" ind2=" ">
			<subfield code="a">NetLibrary, Inc.</subfield>
		</datafield>
		<datafield tag="776" ind1="0" ind2=" ">
			<subfield code="c">Original</subfield>
			<subfield code="w">(DLC) 93038321</subfield>
		</datafield>
		<datafield tag="856" ind1="4" ind2=" ">
			<subfield code="3">Bibliographic record display:</subfield>
			<subfield code="u">http://purl.galileo.usg.edu/gdir?code=zmnl&amp;id=22033</subfield>
			<subfield code="z">An electronic book accessible through GALILEO; click here</subfield>
		</datafield>
	</record>