
	<record>
		<leader>01518nam a2200373 a 4500</leader>
		<controlfield tag="001">991000395659704574</controlfield>
		<controlfield tag="005">20150706125210.0</controlfield>
		<controlfield tag="006">m        u        </controlfield>
		<controlfield tag="007">cr cn|||||||||</controlfield>
		<controlfield tag="008">001009s1994    caua    sb    001 0 eng d</controlfield>
		<datafield tag="020" ind1=" " ind2=" ">
			<subfield code="a">0585279071 (electronic bk.) :</subfield>
			<subfield code="c">$15.00</subfield>
		</datafield>
		<datafield tag="020" ind1=" " ind2=" ">
			<subfield code="z">0787902802</subfield>
		</datafield>
		<datafield tag="035" ind1=" " ind2=" ">
			<subfield code="a">(TT@)39565-01gali_srtc</subfield>
		</datafield>
		<datafield tag="035" ind1=" " ind2=" ">
			<subfield code="a">tlc99911488</subfield>
			<subfield code="9">ExL</subfield>
		</datafield>
		<datafield tag="035" ind1=" " ind2=" ">
			<subfield code="a">26055</subfield>
			<subfield code="b">(N$T)</subfield>
		</datafield>
		<datafield tag="035" ind1=" " ind2=" ">
			<subfield code="z">nL26055</subfield>
		</datafield>
		<datafield tag="039" ind1=" " ind2=" ">
			<subfield code="a">39565</subfield>
		</datafield>
		<datafield tag="040" ind1=" " ind2=" ">
			<subfield code="a">N$T</subfield>
			<subfield code="c">N$T</subfield>
		</datafield>
		<datafield tag="050" ind1="1" ind2="4">
			<subfield code="a">HQ734</subfield>
			<subfield code="b">.M347 1994eb</subfield>
		</datafield>
		<datafield tag="092" ind1=" " ind2=" ">
			<subfield code="a">306.8</subfield>
		</datafield>
		<datafield tag="100" ind1="1" ind2=" ">
			<subfield code="a">Markman, Howard,</subfield>
			<subfield code="d">1950-</subfield>
		</datafield>
		<datafield tag="245" ind1="1" ind2="0">
			<subfield code="a">Fighting for your marriage</subfield>
			<subfield code="h">[computer file] :</subfield>
			<subfield code="b">positive steps for preventing divorce and preserving a lasting love /</subfield>
			<subfield code="c">Howard Markman, Scott Stanley, Susan L. Blumberg ; with a foreword by Dean S. Edell.</subfield>
		</datafield>
		<datafield tag="250" ind1=" " ind2=" ">
			<subfield code="a">1st ed.</subfield>
		</datafield>
		<datafield tag="260" ind1=" " ind2=" ">
			<subfield code="a">San Francisco :</subfield>
			<subfield code="b">Jossey-Bass,</subfield>
			<subfield code="c">c1994.</subfield>
		</datafield>
		<datafield tag="300" ind1=" " ind2=" ">
			<subfield code="a">xv, 331 p. :</subfield>
			<subfield code="b">ill. ;</subfield>
			<subfield code="c">24 cm.</subfield>
		</datafield>
		<datafield tag="504" ind1=" " ind2=" ">
			<subfield code="a">Includes bibliographical references (p. 321-324) and index.</subfield>
		</datafield>
		<datafield tag="533" ind1=" " ind2=" ">
			<subfield code="a">Electronic reproduction.</subfield>
			<subfield code="b">Boulder, Colo. :</subfield>
			<subfield code="c">NetLibrary,</subfield>
			<subfield code="d">2000.</subfield>
			<subfield code="n">Available via World Wide Web.</subfield>
			<subfield code="n">Access may be limited to NetLibrary affiliated libraries.</subfield>
		</datafield>
		<datafield tag="650" ind1=" " ind2="0">
			<subfield code="a">Marriage.</subfield>
		</datafield>
		<datafield tag="650" ind1=" " ind2="0">
			<subfield code="a">Interpersonal relations.</subfield>
		</datafield>
		<datafield tag="650" ind1=" " ind2="0">
			<subfield code="a">Interpersonal communication.</subfield>
		</datafield>
		<datafield tag="655" ind1=" " ind2="7">
			<subfield code="a">Electronic books.</subfield>
			<subfield code="2">local</subfield>
		</datafield>
		<datafield tag="700" ind1="1" ind2=" ">
			<subfield code="a">Stanley, Scott,</subfield>
			<subfield code="d">1955-</subfield>
		</datafield>
		<datafield tag="700" ind1="1" ind2=" ">
			<subfield code="a">Blumberg, Susan L.,</subfield>
			<subfield code="d">1959-</subfield>
		</datafield>
		<datafield tag="710" ind1="2" ind2=" ">
			<subfield code="a">NetLibrary, Inc.</subfield>
		</datafield>
		<datafield tag="776" ind1="0" ind2=" ">
			<subfield code="c">Original</subfield>
			<subfield code="w">Original</subfield>
		</datafield>
		<datafield tag="856" ind1="4" ind2=" ">
			<subfield code="3">Bibliographic record display:</subfield>
			<subfield code="u">http://purl.galileo.usg.edu/gdir?code=zmnl&amp;id=26055</subfield>
			<subfield code="z">An electronic book accessible through GALILEO; click here</subfield>
		</datafield>
	</record>