
	<record>
		<leader>00300nam a2200109uu 4500</leader>
		<controlfield tag="001">991000426359704574</controlfield>
		<controlfield tag="005">20150706111004.0</controlfield>
		<controlfield tag="008">980224s1988     xx ||||||||||||||||eng d</controlfield>
		<datafield tag="035" ind1=" " ind2=" ">
			<subfield code="a">(TT@)42635-01gali_srtc</subfield>
		</datafield>
		<datafield tag="035" ind1=" " ind2=" ">
			<subfield code="a">cnv00000943</subfield>
			<subfield code="9">ExL</subfield>
		</datafield>
		<datafield tag="039" ind1=" " ind2=" ">
			<subfield code="a">42635</subfield>
		</datafield>
		<datafield tag="100" ind1=" " ind2=" ">
			<subfield code="a">Young Women's Christian Associ.</subfield>
		</datafield>
		<datafield tag="245" ind1="1" ind2="0">
			<subfield code="a">With love and parsley</subfield>
		</datafield>
		<datafield tag="949" ind1="1" ind2=" ">
			<subfield code="a">TTI</subfield>
			<subfield code="c">TX715</subfield>
			<subfield code="d">.Y78 1988</subfield>
			<subfield code="g">30407100116616</subfield>
			<subfield code="p">1.00</subfield>
		</datafield>
	</record>