
	<record>
		<leader>01139cam a2200289 a 4500</leader>
		<controlfield tag="001">991000437229704574</controlfield>
		<controlfield tag="005">20150706133150.0</controlfield>
		<controlfield tag="008">960914r19951992nyu      b    000 0 eng d</controlfield>
		<datafield tag="010" ind1=" " ind2=" ">
			<subfield code="a">   95078757</subfield>
		</datafield>
		<datafield tag="020" ind1=" " ind2=" ">
			<subfield code="a">1567310826 :</subfield>
			<subfield code="c">$19.95</subfield>
		</datafield>
		<datafield tag="035" ind1=" " ind2=" ">
			<subfield code="a">(TT@)43722-01gali_srtc</subfield>
		</datafield>
		<datafield tag="035" ind1=" " ind2=" ">
			<subfield code="a">tti98010146</subfield>
			<subfield code="9">ExL</subfield>
		</datafield>
		<datafield tag="035" ind1=" " ind2=" ">
			<subfield code="a">(OCoLC)ocm35559695</subfield>
		</datafield>
		<datafield tag="039" ind1=" " ind2=" ">
			<subfield code="a">43722</subfield>
		</datafield>
		<datafield tag="040" ind1=" " ind2=" ">
			<subfield code="a">VPL</subfield>
			<subfield code="c">VPL</subfield>
			<subfield code="d">MPB</subfield>
		</datafield>
		<datafield tag="090" ind1=" " ind2=" ">
			<subfield code="a">HV6626.2</subfield>
			<subfield code="b">.K57 1995</subfield>
		</datafield>
		<datafield tag="100" ind1="1" ind2=" ">
			<subfield code="a">Kivel, Paul.</subfield>
		</datafield>
		<datafield tag="240" ind1="1" ind2="0">
			<subfield code="a">Men's work</subfield>
		</datafield>
		<datafield tag="245" ind1="1" ind2="0">
			<subfield code="a">Unlearning violence /</subfield>
			<subfield code="c">Paul Kivel.</subfield>
		</datafield>
		<datafield tag="260" ind1=" " ind2=" ">
			<subfield code="a">New York :</subfield>
			<subfield code="b">MJF Books,</subfield>
			<subfield code="c">[1995], c1992.</subfield>
		</datafield>
		<datafield tag="300" ind1=" " ind2=" ">
			<subfield code="a">293 p. ;</subfield>
			<subfield code="c">22 cm.</subfield>
		</datafield>
		<datafield tag="500" ind1=" " ind2=" ">
			<subfield code="a">"A breakthrough book for violent men and all those who love them...How to replace domestic abuse with new rules and new roles, real power and responsible action"--Dust jacket.</subfield>
		</datafield>
		<datafield tag="500" ind1=" " ind2=" ">
			<subfield code="a">Originally published:  Men's work.  Center City, Minn. : Hazelden, c1992.</subfield>
		</datafield>
		<datafield tag="504" ind1=" " ind2=" ">
			<subfield code="a">Includes bibliographical references (p. 282-293).</subfield>
		</datafield>
		<datafield tag="590" ind1=" " ind2=" ">
			<subfield code="a">State</subfield>
			<subfield code="b">4/17/06</subfield>
		</datafield>
		<datafield tag="650" ind1=" " ind2="0">
			<subfield code="a">Abusive men</subfield>
			<subfield code="z">United States</subfield>
			<subfield code="x">Psychology.</subfield>
		</datafield>
		<datafield tag="650" ind1=" " ind2="0">
			<subfield code="a">Violence</subfield>
			<subfield code="z">United States</subfield>
			<subfield code="x">Prevention</subfield>
			<subfield code="v">Problems, exercises, etc.</subfield>
		</datafield>
		<datafield tag="650" ind1=" " ind2="0">
			<subfield code="a">Family violence</subfield>
			<subfield code="x">Prevention.</subfield>
		</datafield>
		<datafield tag="949" ind1=" " ind2=" ">
			<subfield code="a">TTI</subfield>
			<subfield code="c">HV6626.2</subfield>
			<subfield code="d">.K57 1995</subfield>
			<subfield code="g">30407100387738</subfield>
			<subfield code="p">19.95</subfield>
		</datafield>
	</record>