
	<record>
		<leader>00475nam a22001811  4500</leader>
		<controlfield tag="001">991000451399704574</controlfield>
		<controlfield tag="005">20150706104700.0</controlfield>
		<controlfield tag="008">730208s1956    nyu           00000 eng  </controlfield>
		<datafield tag="010" ind1=" " ind2=" ">
			<subfield code="a">   56008750 /L</subfield>
		</datafield>
		<datafield tag="035" ind1=" " ind2=" ">
			<subfield code="a">(TT@)45139-01gali_srtc</subfield>
		</datafield>
		<datafield tag="035" ind1=" " ind2=" ">
			<subfield code="a">56008750 /L</subfield>
			<subfield code="9">ExL</subfield>
		</datafield>
		<datafield tag="039" ind1=" " ind2=" ">
			<subfield code="a">45139</subfield>
		</datafield>
		<datafield tag="090" ind1="0" ind2=" ">
			<subfield code="a">HQ33</subfield>
			<subfield code="b">.F77 1956</subfield>
		</datafield>
		<datafield tag="100" ind1="1" ind2=" ">
			<subfield code="a">Fromm, Erich,</subfield>
			<subfield code="d">1900-</subfield>
		</datafield>
		<datafield tag="245" ind1="1" ind2="4">
			<subfield code="a">The art of loving.</subfield>
		</datafield>
		<datafield tag="250" ind1=" " ind2=" ">
			<subfield code="a">[1st ed.]</subfield>
		</datafield>
		<datafield tag="260" ind1=" " ind2=" ">
			<subfield code="a">New York,</subfield>
			<subfield code="b">Harper</subfield>
			<subfield code="c">[1956]</subfield>
		</datafield>
		<datafield tag="300" ind1=" " ind2=" ">
			<subfield code="a">133 p. ;</subfield>
			<subfield code="c">18 cm.</subfield>
		</datafield>
		<datafield tag="650" ind1=" " ind2="0">
			<subfield code="a">Love.</subfield>
		</datafield>
		<datafield tag="949" ind1=" " ind2=" ">
			<subfield code="a">TTI</subfield>
			<subfield code="c">HQ33</subfield>
			<subfield code="d">.F77 1956</subfield>
			<subfield code="g">30407100056812</subfield>
			<subfield code="p">12.00</subfield>
		</datafield>
	</record>