
	<record>
		<leader>01540cam a2200397 a 4500</leader>
		<controlfield tag="001">991000451839704574</controlfield>
		<controlfield tag="005">20150706151650.0</controlfield>
		<controlfield tag="008">940804r19951994nyua   j      000 1 eng d</controlfield>
		<datafield tag="010" ind1=" " ind2=" ">
			<subfield code="a">bl 99766152 </subfield>
		</datafield>
		<datafield tag="020" ind1=" " ind2=" ">
			<subfield code="a">0064442012 (pbk.)</subfield>
		</datafield>
		<datafield tag="035" ind1=" " ind2=" ">
			<subfield code="a">(TT@)45183-01gali_srtc</subfield>
		</datafield>
		<datafield tag="035" ind1=" " ind2=" ">
			<subfield code="a">(AU)bl 99766152</subfield>
			<subfield code="9">ExL</subfield>
		</datafield>
		<datafield tag="039" ind1=" " ind2=" ">
			<subfield code="a">45183</subfield>
		</datafield>
		<datafield tag="040" ind1=" " ind2=" ">
			<subfield code="a">Baker &amp; Taylor</subfield>
			<subfield code="c">Baker &amp; Taylor</subfield>
		</datafield>
		<datafield tag="050" ind1="1" ind2="4">
			<subfield code="a">PZ7.S6499</subfield>
			<subfield code="b">Wi 1995</subfield>
		</datafield>
		<datafield tag="082" ind1="0" ind2="4">
			<subfield code="a">[E]</subfield>
			<subfield code="2">20</subfield>
		</datafield>
		<datafield tag="082" ind1="1" ind2="4">
			<subfield code="a">E</subfield>
			<subfield code="2">12</subfield>
		</datafield>
		<datafield tag="100" ind1="1" ind2=" ">
			<subfield code="a">Smith, Janice Lee,</subfield>
			<subfield code="d">1949-</subfield>
		</datafield>
		<datafield tag="245" ind1="1" ind2="0">
			<subfield code="a">Wizard and Wart /</subfield>
			<subfield code="c">story by Janice Lee Smith ; pictures by Paul Meisel.</subfield>
		</datafield>
		<datafield tag="250" ind1=" " ind2=" ">
			<subfield code="a">1st Harper Trophy ed.</subfield>
		</datafield>
		<datafield tag="260" ind1=" " ind2=" ">
			<subfield code="a">[New York] :</subfield>
			<subfield code="b">HarperTrophy,</subfield>
			<subfield code="c">1995, c1994.</subfield>
		</datafield>
		<datafield tag="300" ind1=" " ind2=" ">
			<subfield code="a">64 p. :</subfield>
			<subfield code="b">col. ill. ;</subfield>
			<subfield code="c">22 cm.</subfield>
		</datafield>
		<datafield tag="440" ind1=" " ind2="0">
			<subfield code="a">I can read book</subfield>
		</datafield>
		<datafield tag="500" ind1=" " ind2=" ">
			<subfield code="a">Originally published: New York : HarperCollins, c1994.</subfield>
		</datafield>
		<datafield tag="520" ind1=" " ind2=" ">
			<subfield code="a">When Wizard and his dog Wart advertise their magic business, they have some problems with several lovesick customers.</subfield>
		</datafield>
		<datafield tag="520" ind1=" " ind2=" ">
			<subfield code="a">Setting up a problem-solving shop, the haphazard Wizard and his dog, Wart, find their first customer in a lovesick snake who hopes that a little magic will encourage the rabbit of his dreams to love him back</subfield>
		</datafield>
		<datafield tag="590" ind1=" " ind2=" ">
			<subfield code="a">Gift</subfield>
			<subfield code="b">May 21 13.</subfield>
		</datafield>
		<datafield tag="650" ind1="0" ind2="1">
			<subfield code="a">Wizards</subfield>
			<subfield code="x">Fiction.</subfield>
		</datafield>
		<datafield tag="650" ind1="0" ind2="1">
			<subfield code="a">Magic</subfield>
			<subfield code="x">Fiction.</subfield>
		</datafield>
		<datafield tag="650" ind1="0" ind2="1">
			<subfield code="a">Animals</subfield>
			<subfield code="x">Fiction.</subfield>
		</datafield>
		<datafield tag="650" ind1="0" ind2="7">
			<subfield code="a">Witchcraft</subfield>
			<subfield code="x">Fiction.</subfield>
			<subfield code="2">sears</subfield>
		</datafield>
		<datafield tag="650" ind1="0" ind2="7">
			<subfield code="a">Magic</subfield>
			<subfield code="x">Fiction.</subfield>
			<subfield code="2">sears</subfield>
		</datafield>
		<datafield tag="650" ind1="0" ind2="7">
			<subfield code="a">Animals</subfield>
			<subfield code="x">Fiction</subfield>
			<subfield code="5">NjBwBT.</subfield>
			<subfield code="2">sears</subfield>
		</datafield>
		<datafield tag="650" ind1=" " ind2="0">
			<subfield code="a">Early childhood education.</subfield>
		</datafield>
		<datafield tag="650" ind1=" " ind2="0">
			<subfield code="a">Children's stories.</subfield>
		</datafield>
		<datafield tag="700" ind1="1" ind2=" ">
			<subfield code="a">Meisel, Paul,</subfield>
			<subfield code="e">ill.</subfield>
		</datafield>
		<datafield tag="949" ind1=" " ind2=" ">
			<subfield code="a">TTJ</subfield>
			<subfield code="c">PZ7.S6499</subfield>
			<subfield code="d">Wi 1995 Easy</subfield>
			<subfield code="g">30407100474700</subfield>
			<subfield code="p">3.99</subfield>
		</datafield>
	</record>