
	<record>
		<leader>01344nam a22003493a 4500</leader>
		<controlfield tag="001">991000467269704574</controlfield>
		<controlfield tag="005">20150706164116.0</controlfield>
		<controlfield tag="008">880802t19881987nyuaf    b    000 0 eng d</controlfield>
		<datafield tag="010" ind1=" " ind2=" ">
			<subfield code="a">  2008578429</subfield>
		</datafield>
		<datafield tag="020" ind1=" " ind2=" ">
			<subfield code="a">1557730474 (pbk.) :</subfield>
			<subfield code="c">$4.50 (US) $5.95 (Can.)</subfield>
		</datafield>
		<datafield tag="020" ind1=" " ind2=" ">
			<subfield code="a">9781557730473 (pbk.)</subfield>
		</datafield>
		<datafield tag="035" ind1=" " ind2=" ">
			<subfield code="a">(TT@)46726-01gali_srtc</subfield>
		</datafield>
		<datafield tag="035" ind1=" " ind2=" ">
			<subfield code="a">(DLC)2008578429</subfield>
			<subfield code="9">ExL</subfield>
		</datafield>
		<datafield tag="035" ind1=" " ind2=" ">
			<subfield code="a">(OCoLC)ocm18299319</subfield>
		</datafield>
		<datafield tag="039" ind1=" " ind2=" ">
			<subfield code="a">46726</subfield>
		</datafield>
		<datafield tag="040" ind1=" " ind2=" ">
			<subfield code="a">EZH</subfield>
			<subfield code="c">EZH</subfield>
			<subfield code="d">IKG</subfield>
			<subfield code="d">OCL</subfield>
			<subfield code="d">OCLCQ</subfield>
			<subfield code="d">BAKER</subfield>
			<subfield code="d">OCLCG</subfield>
			<subfield code="d">YDXCP</subfield>
			<subfield code="d">OCLCG</subfield>
			<subfield code="d">DLC</subfield>
		</datafield>
		<datafield tag="042" ind1=" " ind2=" ">
			<subfield code="a">lccopycat</subfield>
		</datafield>
		<datafield tag="050" ind1="0" ind2="0">
			<subfield code="a">CPB Box no. 2779 vol. 25</subfield>
		</datafield>
		<datafield tag="100" ind1="1" ind2=" ">
			<subfield code="a">De Barbin, Lucy,</subfield>
			<subfield code="d">1936-</subfield>
		</datafield>
		<datafield tag="245" ind1="1" ind2="0">
			<subfield code="a">Are you lonesome tonight? :</subfield>
			<subfield code="b">the untold story of Elvis Presley's one true love and the child he never knew /</subfield>
			<subfield code="c">Lucy de Barbin and Dary Matera.</subfield>
		</datafield>
		<datafield tag="250" ind1=" " ind2=" ">
			<subfield code="a">Charter ed.</subfield>
		</datafield>
		<datafield tag="260" ind1=" " ind2=" ">
			<subfield code="a">New York :</subfield>
			<subfield code="b">Charter Books,</subfield>
			<subfield code="c">1988, c1987.</subfield>
		</datafield>
		<datafield tag="300" ind1=" " ind2=" ">
			<subfield code="a">xxv, 324, [1] p., [16] p. of plates :</subfield>
			<subfield code="b">ill. ;</subfield>
			<subfield code="c">18 cm.</subfield>
		</datafield>
		<datafield tag="490" ind1="0" ind2=" ">
			<subfield code="a">Charter non-fiction</subfield>
		</datafield>
		<datafield tag="504" ind1=" " ind2=" ">
			<subfield code="a">Includes bibliographical references (p. 323-324).</subfield>
		</datafield>
		<datafield tag="500" ind1=" " ind2=" ">
			<subfield code="a">Reprint. Originally published: New York : Villard Books, 1987.</subfield>
		</datafield>
		<datafield tag="590" ind1=" " ind2=" ">
			<subfield code="a">Gift</subfield>
			<subfield code="b">5.00</subfield>
			<subfield code="c">7/28/14</subfield>
		</datafield>
		<datafield tag="600" ind1="1" ind2="0">
			<subfield code="a">Presley, Elvis,</subfield>
			<subfield code="d">1935-1977.</subfield>
		</datafield>
		<datafield tag="650" ind1=" " ind2="0">
			<subfield code="a">Rock musicians</subfield>
			<subfield code="z">United States</subfield>
			<subfield code="v">Biography.</subfield>
		</datafield>
		<datafield tag="700" ind1="1" ind2=" ">
			<subfield code="a">Matera, Dary,</subfield>
			<subfield code="d">1955-</subfield>
		</datafield>
		<datafield tag="710" ind1="2" ind2=" ">
			<subfield code="a">Copyright Paperback Collection (Library of Congress)</subfield>
			<subfield code="5">DLC.</subfield>
		</datafield>
		<datafield tag="949" ind1=" " ind2=" ">
			<subfield code="a">TTIPB</subfield>
			<subfield code="c">POPULAR</subfield>
			<subfield code="g">30407100525956</subfield>
			<subfield code="p">5.00</subfield>
		</datafield>
	</record>