
	<record>
		<leader>00984nam a2200277 a 4500</leader>
		<controlfield tag="001">991000551999704574</controlfield>
		<controlfield tag="005">20150706160837.0</controlfield>
		<controlfield tag="008">811112s1992    cau           00110 eng d</controlfield>
		<datafield tag="010" ind1=" " ind2=" ">
			<subfield code="a">bl 99723084 </subfield>
		</datafield>
		<datafield tag="020" ind1=" " ind2=" ">
			<subfield code="a">093158003X</subfield>
		</datafield>
		<datafield tag="035" ind1=" " ind2=" ">
			<subfield code="a">(TT@)55199-01gali_srtc</subfield>
		</datafield>
		<datafield tag="035" ind1=" " ind2=" ">
			<subfield code="a">(AU)bl 99723084</subfield>
			<subfield code="9">ExL</subfield>
		</datafield>
		<datafield tag="039" ind1=" " ind2=" ">
			<subfield code="a">55199</subfield>
		</datafield>
		<datafield tag="040" ind1=" " ind2=" ">
			<subfield code="a">Baker &amp; Taylor</subfield>
		</datafield>
		<datafield tag="050" ind1="1" ind2="4">
			<subfield code="a">PS3563.A3385</subfield>
			<subfield code="b">C6 1992</subfield>
		</datafield>
		<datafield tag="082" ind1="0" ind2="4">
			<subfield code="a">811/.54</subfield>
			<subfield code="2">20</subfield>
		</datafield>
		<datafield tag="082" ind1="1" ind2="4">
			<subfield code="a">811</subfield>
			<subfield code="2">12</subfield>
			<subfield code="5">NjBwBT</subfield>
		</datafield>
		<datafield tag="100" ind1="1" ind2="0">
			<subfield code="a">McWilliams, Peter.</subfield>
		</datafield>
		<datafield tag="245" ind1="1" ind2="0">
			<subfield code="a">Come love with me &amp; be my life :</subfield>
			<subfield code="b">the collected romantic poetry of Peter McWilliams /</subfield>
			<subfield code="c">by Peter McWilliams.</subfield>
		</datafield>
		<datafield tag="260" ind1="0" ind2=" ">
			<subfield code="a">Los Angeles, Calif. :</subfield>
			<subfield code="b">Prelude Press,</subfield>
			<subfield code="c">c1992.</subfield>
		</datafield>
		<datafield tag="300" ind1=" " ind2=" ">
			<subfield code="a">x, 250 p. ;</subfield>
			<subfield code="c">23 cm.</subfield>
		</datafield>
		<datafield tag="520" ind1=" " ind2=" ">
			<subfield code="a">Brief poems look at the joys and responsibilities of love, and trace relationships through each stage from discovery to loss and disillusionment</subfield>
			<subfield code="5">NjBwBT</subfield>
		</datafield>
		<datafield tag="590" ind1=" " ind2=" ">
			<subfield code="a">Gift</subfield>
			<subfield code="b">b15.00</subfield>
			<subfield code="c">2/14/14</subfield>
		</datafield>
		<datafield tag="650" ind1=" " ind2="0">
			<subfield code="a">English.</subfield>
		</datafield>
		<datafield tag="650" ind1=" " ind2="0">
			<subfield code="a">Poetry.</subfield>
		</datafield>
		<datafield tag="740" ind1="0" ind2="1">
			<subfield code="a">Come love with me and be my life.</subfield>
		</datafield>
		<datafield tag="949" ind1=" " ind2=" ">
			<subfield code="a">TTI</subfield>
			<subfield code="c">PS3563.A3385</subfield>
			<subfield code="d">C6 1992</subfield>
			<subfield code="g">30407100496067</subfield>
			<subfield code="p">15.00</subfield>
		</datafield>
	</record>