
	<record>
		<leader>02500cam a22002891  4500</leader>
		<controlfield tag="001">991000574459704574</controlfield>
		<controlfield tag="005">20150706104646.0</controlfield>
		<controlfield tag="008">790718s1936    nyuaf         00010aeng  </controlfield>
		<datafield tag="010" ind1=" " ind2=" ">
			<subfield code="a">   36028593 //r912</subfield>
		</datafield>
		<datafield tag="035" ind1=" " ind2=" ">
			<subfield code="a">(TT@)57445-01gali_srtc</subfield>
		</datafield>
		<datafield tag="035" ind1=" " ind2=" ">
			<subfield code="a">36028593 //r912</subfield>
			<subfield code="9">ExL</subfield>
		</datafield>
		<datafield tag="039" ind1=" " ind2=" ">
			<subfield code="a">57445</subfield>
		</datafield>
		<datafield tag="040" ind1=" " ind2=" ">
			<subfield code="a">DLC</subfield>
			<subfield code="c">DLC</subfield>
			<subfield code="d">DLC</subfield>
		</datafield>
		<datafield tag="050" ind1="0" ind2="0">
			<subfield code="a">PR2753</subfield>
			<subfield code="b">.W8 1936</subfield>
		</datafield>
		<datafield tag="100" ind1="1" ind2=" ">
			<subfield code="a">Shakespeare, William,</subfield>
			<subfield code="d">1564-1616.</subfield>
		</datafield>
		<datafield tag="245" ind1="1" ind2="4">
			<subfield code="a">The complete works of William Shakespeare;</subfield>
			<subfield code="b">the Cambridge edition text,</subfield>
			<subfield code="c">as edited by William Aldis Wright, including the Temple notes; illustrated by Rockwell Kent, with preface by Christopher Morley</subfield>
		</datafield>
		<datafield tag="260" ind1=" " ind2=" ">
			<subfield code="a">Garden City, N.Y.</subfield>
			<subfield code="b">Doubleday, Doran &amp; company, inc.,</subfield>
			<subfield code="c">1936.</subfield>
		</datafield>
		<datafield tag="300" ind1=" " ind2=" ">
			<subfield code="a">2 v.</subfield>
			<subfield code="b">fronts., illus., plates.</subfield>
			<subfield code="c">33 cm.</subfield>
		</datafield>
		<datafield tag="500" ind1=" " ind2=" ">
			<subfield code="a">Paged continuously.</subfield>
		</datafield>
		<datafield tag="500" ind1=" " ind2=" ">
			<subfield code="a">"This edition is limited to seven hundred and fifty copies, numbered and signed by the artist of which this is no. 300."</subfield>
		</datafield>
		<datafield tag="505" ind1="0" ind2=" ">
			<subfield code="a">v. 1. The first part of King Henry VI. The second part of King Henry VI. The third part of King Henry VI. The tragedy of King Richard III. The comedy of errors. The tragedy of Titus Andronicus. The taming of the shrew. The two gentlemen of Verona. Love's labour's lost. The tragedy of Romeo and Juliet. The tragedy of King Richard II. A midsummer-night's dream. The life and death of King John. The merchant of Venice. The first part of King Henry IV. The second part of King Henry IV. The life of King Henry V. Much ado about nothing. The tragedy of Julius Caesar. As you like it. Twelfth night; or, What you will. The tragedy of Hamlet, prince of Denmark.--v. 2. The merry wives of Windsor. Troilus and Cressida. All's well that ends well. Measure for measure. The tragedy of Othello, the Moor of Venice. The tragedy of King Lear. The tragedy of Macbeth. Antony and Cleopatra. The tragedy of Coriolanus. The life of Timon of Athens. Pericles, prince of Tyre. Cymbeline. The winter's tale. The tempest. The famous history of the life of King Henry VIII. Venus and Adonis. The rape of Lucrece. Sonnets. A lover's complaint. The passionate pilgrim. The phoenix and turtle.</subfield>
		</datafield>
		<datafield tag="650" ind1=" " ind2="0">
			<subfield code="a">English.</subfield>
		</datafield>
		<datafield tag="700" ind1="1" ind2=" ">
			<subfield code="a">Wright, William Aldis,</subfield>
			<subfield code="d">1831-1914,</subfield>
			<subfield code="e">ed.</subfield>
		</datafield>
		<datafield tag="700" ind1="1" ind2=" ">
			<subfield code="a">Kent, Rockwell,</subfield>
			<subfield code="d">1882-1971,</subfield>
			<subfield code="e">illus.</subfield>
		</datafield>
		<datafield tag="700" ind1="1" ind2=" ">
			<subfield code="a">Morley, Christopher,</subfield>
			<subfield code="d">1890-1957.</subfield>
		</datafield>
		<datafield tag="949" ind1=" " ind2=" ">
			<subfield code="a">TTI</subfield>
			<subfield code="c">PR2753</subfield>
			<subfield code="d">.W8 1936</subfield>
			<subfield code="g">30407100097055</subfield>
			<subfield code="v">Vol. 1</subfield>
			<subfield code="n">c. 1</subfield>
			<subfield code="p">25.00</subfield>
		</datafield>
		<datafield tag="949" ind1=" " ind2=" ">
			<subfield code="a">TTI</subfield>
			<subfield code="c">PR2753</subfield>
			<subfield code="d">.W8 1936</subfield>
			<subfield code="g">30407100097030</subfield>
			<subfield code="v">Vol. 2</subfield>
			<subfield code="n">c. 1</subfield>
			<subfield code="p">25.00</subfield>
		</datafield>
		<datafield tag="949" ind1=" " ind2=" ">
			<subfield code="a">CAM</subfield>
			<subfield code="c">PR2753</subfield>
			<subfield code="d">.W8 1936</subfield>
			<subfield code="g">30407100097048</subfield>
			<subfield code="v">Vol. 1</subfield>
			<subfield code="n">c. 2</subfield>
			<subfield code="p">25.00</subfield>
		</datafield>
		<datafield tag="949" ind1=" " ind2=" ">
			<subfield code="a">CAM</subfield>
			<subfield code="c">PR2753</subfield>
			<subfield code="d">.W8 1936</subfield>
			<subfield code="g">30407100239160</subfield>
			<subfield code="v">Vol. 2</subfield>
			<subfield code="n">c. 2</subfield>
			<subfield code="p">25.00</subfield>
		</datafield>
	</record>