
	<record>
		<leader>01244nam a2200337 a 4500</leader>
		<controlfield tag="001">991000576909704574</controlfield>
		<controlfield tag="005">20160209092004.0</controlfield>
		<controlfield tag="008">131210s1993    ctua   j      000 0 eng d</controlfield>
		<datafield tag="020" ind1=" " ind2=" ">
			<subfield code="a">9780717283279</subfield>
		</datafield>
		<datafield tag="020" ind1=" " ind2=" ">
			<subfield code="a">0717283275</subfield>
		</datafield>
		<datafield tag="035" ind1=" " ind2=" ">
			<subfield code="a">(TT@)57690-01gali_srtc</subfield>
		</datafield>
		<datafield tag="035" ind1=" " ind2=" ">
			<subfield code="a">tti98012825</subfield>
			<subfield code="9">ExL</subfield>
		</datafield>
		<datafield tag="039" ind1=" " ind2=" ">
			<subfield code="a">57690</subfield>
		</datafield>
		<datafield tag="040" ind1=" " ind2=" ">
			<subfield code="a">TT@</subfield>
			<subfield code="c">TT@</subfield>
		</datafield>
		<datafield tag="050" ind1=" " ind2=" ">
			<subfield code="a">PZ8.D625</subfield>
			<subfield code="b">Be 1993</subfield>
		</datafield>
		<datafield tag="245" ind1="0" ind2="0">
			<subfield code="a">Disney's Beauty and the beast.</subfield>
		</datafield>
		<datafield tag="246" ind1="0" ind2=" ">
			<subfield code="a">Beauty and the beast</subfield>
		</datafield>
		<datafield tag="250" ind1=" " ind2=" ">
			<subfield code="a">Grolier Book Club ed., 1st American ed.</subfield>
		</datafield>
		<datafield tag="260" ind1=" " ind2=" ">
			<subfield code="a">Danbury, Conn. :</subfield>
			<subfield code="b">Grolier Enterprises,</subfield>
			<subfield code="c">c1993.</subfield>
		</datafield>
		<datafield tag="300" ind1=" " ind2=" ">
			<subfield code="a">1 v. (unpaged) :</subfield>
			<subfield code="b">ill. ;</subfield>
			<subfield code="c">22 cm. </subfield>
		</datafield>
		<datafield tag="490" ind1="1" ind2=" ">
			<subfield code="a">Disney's wonderful world of reading</subfield>
		</datafield>
		<datafield tag="500" ind1=" " ind2=" ">
			<subfield code="a">Originally published in Denmark in 1992.</subfield>
		</datafield>
		<datafield tag="520" ind1=" " ind2=" ">
			<subfield code="a">Through her great capacity to love, a kind and beautiful maid releases a handsome prince from the spell which has made him an ugly beast.</subfield>
		</datafield>
		<datafield tag="590" ind1=" " ind2=" ">
			<subfield code="a">Gift</subfield>
			<subfield code="b">15.00</subfield>
			<subfield code="c">12/10/13</subfield>
		</datafield>
		<datafield tag="650" ind1=" " ind2="0">
			<subfield code="a">Folklore.</subfield>
		</datafield>
		<datafield tag="650" ind1=" " ind2="1">
			<subfield code="a">Fairy tales.</subfield>
		</datafield>
		<datafield tag="650" ind1=" " ind2="0">
			<subfield code="a">Early childhood education.</subfield>
		</datafield>
		<datafield tag="650" ind1=" " ind2="0">
			<subfield code="a">Children's stories.</subfield>
		</datafield>
		<datafield tag="710" ind1="2" ind2=" ">
			<subfield code="a">Walt Disney Company.</subfield>
		</datafield>
		<datafield tag="730" ind1="0" ind2=" ">
			<subfield code="a">Beauty and the beast (Motion picture : 1991)</subfield>
		</datafield>
		<datafield tag="830" ind1=" " ind2="0">
			<subfield code="a">Disney's wonderful world of reading.</subfield>
		</datafield>
		<datafield tag="949" ind1=" " ind2=" ">
			<subfield code="a">CAM</subfield>
			<subfield code="c">PZ8.D625</subfield>
			<subfield code="d">Be 1993 Easy</subfield>
			<subfield code="g">30407100492751</subfield>
			<subfield code="p">15.00</subfield>
		</datafield>
		<datafield tag="949" ind1=" " ind2=" ">
			<subfield code="a">TATC</subfield>
			<subfield code="c">PZ8.D625</subfield>
			<subfield code="d">Be 1993 Easy</subfield>
			<subfield code="g">30858100119580</subfield>
			<subfield code="p">5.00</subfield>
		</datafield>
	</record>