
	<record>
		<leader>00720nam a2200205   4500</leader>
		<controlfield tag="001">991000577529704574</controlfield>
		<controlfield tag="005">20150706112223.0</controlfield>
		<controlfield tag="008">720828s1972    moua          00010 eng  </controlfield>
		<datafield tag="010" ind1=" " ind2=" ">
			<subfield code="a">   70153074 </subfield>
		</datafield>
		<datafield tag="020" ind1=" " ind2=" ">
			<subfield code="a">0875292011</subfield>
		</datafield>
		<datafield tag="035" ind1=" " ind2=" ">
			<subfield code="a">(TT@)57752-01gali_srtc</subfield>
		</datafield>
		<datafield tag="035" ind1=" " ind2=" ">
			<subfield code="a">70153074</subfield>
			<subfield code="9">ExL</subfield>
		</datafield>
		<datafield tag="039" ind1=" " ind2=" ">
			<subfield code="a">57752</subfield>
		</datafield>
		<datafield tag="090" ind1="0" ind2=" ">
			<subfield code="a">PN6071.F3</subfield>
			<subfield code="b">S4 1972</subfield>
		</datafield>
		<datafield tag="100" ind1="1" ind2=" ">
			<subfield code="a">Seymour, Peter S.</subfield>
			<subfield code="e">comp.</subfield>
		</datafield>
		<datafield tag="245" ind1="1" ind2="2">
			<subfield code="a">A father's love: tributes, praise, and wisdom about dads and their offspring.</subfield>
			<subfield code="c">Selected by Peter S. Seymour. Illustrated by Carl Cassler.</subfield>
		</datafield>
		<datafield tag="260" ind1=" " ind2=" ">
			<subfield code="a">[Kansas City, Mo.]</subfield>
			<subfield code="b">Hallmark</subfield>
			<subfield code="c">[1972]</subfield>
		</datafield>
		<datafield tag="300" ind1=" " ind2=" ">
			<subfield code="a">1 v. (unpaged)</subfield>
			<subfield code="b">col. illus.</subfield>
			<subfield code="c">20 cm.</subfield>
		</datafield>
		<datafield tag="490" ind1="0" ind2=" ">
			<subfield code="a">Hallmark editions</subfield>
		</datafield>
		<datafield tag="590" ind1=" " ind2=" ">
			<subfield code="a">Gift</subfield>
			<subfield code="c">7/27/00</subfield>
		</datafield>
		<datafield tag="650" ind1=" " ind2="0">
			<subfield code="a">Fathers</subfield>
			<subfield code="x">Literary collections.</subfield>
		</datafield>
		<datafield tag="949" ind1=" " ind2=" ">
			<subfield code="a">TTI</subfield>
			<subfield code="c">PN6071.F3</subfield>
			<subfield code="d">S4 1972</subfield>
			<subfield code="g">30407100192617</subfield>
			<subfield code="p">15.00</subfield>
		</datafield>
	</record>