
	<record>
		<leader>01434nam a2200409 a 4500</leader>
		<controlfield tag="001">991000601979704574</controlfield>
		<controlfield tag="005">20150706161606.0</controlfield>
		<controlfield tag="008">140324s1956    mau           000 1 eng d</controlfield>
		<datafield tag="035" ind1=" " ind2=" ">
			<subfield code="a">(TT@)60197-01gali_srtc</subfield>
		</datafield>
		<datafield tag="035" ind1=" " ind2=" ">
			<subfield code="a">tti98012978</subfield>
			<subfield code="9">ExL</subfield>
		</datafield>
		<datafield tag="039" ind1=" " ind2=" ">
			<subfield code="a">60197</subfield>
		</datafield>
		<datafield tag="040" ind1=" " ind2=" ">
			<subfield code="a">NjBwBT</subfield>
			<subfield code="c">NjBwBT</subfield>
		</datafield>
		<datafield tag="050" ind1="1" ind2="4">
			<subfield code="a">PR4662</subfield>
			<subfield code="b">.A1 2012</subfield>
		</datafield>
		<datafield tag="082" ind1="0" ind2="4">
			<subfield code="a">823/.8</subfield>
			<subfield code="2">23</subfield>
		</datafield>
		<datafield tag="082" ind1="1" ind2="4">
			<subfield code="a">FIC</subfield>
			<subfield code="2">15</subfield>
		</datafield>
		<datafield tag="100" ind1="1" ind2=" ">
			<subfield code="a">Eliot, George,</subfield>
			<subfield code="d">1819-1880.</subfield>
		</datafield>
		<datafield tag="245" ind1="1" ind2="0">
			<subfield code="a">Middlemarch /</subfield>
			<subfield code="c">George Eliot. Edited with an intro. and notes by Gordon S. Haight.</subfield>
		</datafield>
		<datafield tag="260" ind1=" " ind2=" ">
			<subfield code="a">Boston, MA :</subfield>
			<subfield code="b">Houghton Mifflin,</subfield>
			<subfield code="c">c1956.</subfield>
		</datafield>
		<datafield tag="300" ind1=" " ind2=" ">
			<subfield code="a">xxiii, 613 p. ; $c 23 cm.</subfield>
		</datafield>
		<datafield tag="520" ind1=" " ind2=" ">
			<subfield code="a">In nineteenth-century England, Dorothea Brooke's wishes to defy social conventions are inhibited by the strict nature of her surroundings.</subfield>
		</datafield>
		<datafield tag="590" ind1=" " ind2=" ">
			<subfield code="a">Gift</subfield>
			<subfield code="b">15.00</subfield>
			<subfield code="c">3/24/14</subfield>
		</datafield>
		<datafield tag="650" ind1=" " ind2="0">
			<subfield code="a">English.</subfield>
		</datafield>
		<datafield tag="650" ind1=" " ind2="0">
			<subfield code="a">City and town life</subfield>
			<subfield code="v">Fiction.</subfield>
		</datafield>
		<datafield tag="650" ind1=" " ind2="0">
			<subfield code="a">Married people</subfield>
			<subfield code="v">Fiction.</subfield>
		</datafield>
		<datafield tag="650" ind1=" " ind2="0">
			<subfield code="a">Young women</subfield>
			<subfield code="v">Fiction.</subfield>
		</datafield>
		<datafield tag="650" ind1=" " ind2="7">
			<subfield code="a">City and town life</subfield>
			<subfield code="v">Fiction.</subfield>
			<subfield code="2">sears</subfield>
		</datafield>
		<datafield tag="650" ind1=" " ind2="7">
			<subfield code="a">Married people</subfield>
			<subfield code="v">Fiction.</subfield>
			<subfield code="2">sears</subfield>
		</datafield>
		<datafield tag="650" ind1=" " ind2="7">
			<subfield code="a">Young women</subfield>
			<subfield code="v">Fiction.</subfield>
			<subfield code="2">sears</subfield>
		</datafield>
		<datafield tag="651" ind1=" " ind2="0">
			<subfield code="a">England</subfield>
			<subfield code="v">Fiction.</subfield>
		</datafield>
		<datafield tag="651" ind1=" " ind2="7">
			<subfield code="a">England</subfield>
			<subfield code="v">Fiction.</subfield>
			<subfield code="2">sears</subfield>
		</datafield>
		<datafield tag="655" ind1=" " ind2="7">
			<subfield code="a">Didactic fiction.</subfield>
			<subfield code="2">gsafd</subfield>
		</datafield>
		<datafield tag="655" ind1=" " ind2="0">
			<subfield code="a">Domestic fiction.</subfield>
		</datafield>
		<datafield tag="655" ind1=" " ind2="7">
			<subfield code="a">Bildungsromans.</subfield>
			<subfield code="2">gsafd</subfield>
		</datafield>
		<datafield tag="655" ind1=" " ind2="7">
			<subfield code="a">Love stories.</subfield>
			<subfield code="2">gsafd</subfield>
		</datafield>
		<datafield tag="655" ind1=" " ind2="7">
			<subfield code="a">Didactic fiction.</subfield>
			<subfield code="2">sears</subfield>
		</datafield>
		<datafield tag="655" ind1=" " ind2="7">
			<subfield code="a">Bildungsromans.</subfield>
			<subfield code="2">sears</subfield>
		</datafield>
		<datafield tag="655" ind1=" " ind2="7">
			<subfield code="a">Love stories.</subfield>
			<subfield code="2">sears</subfield>
		</datafield>
		<datafield tag="700" ind1="1" ind2=" ">
			<subfield code="a">Haight, Gordon Sherman.</subfield>
		</datafield>
		<datafield tag="949" ind1=" " ind2=" ">
			<subfield code="a">TTI</subfield>
			<subfield code="c">PR4662</subfield>
			<subfield code="d">.A1</subfield>
			<subfield code="g">30407100498584</subfield>
			<subfield code="p">15.00</subfield>
		</datafield>
	</record>