
	<record>
		<leader>00791cam a2200253   4500</leader>
		<controlfield tag="001">991000635069704574</controlfield>
		<controlfield tag="005">20150706165053.0</controlfield>
		<controlfield tag="008">141002r1927    enk           00000 eng  </controlfield>
		<datafield tag="010" ind1=" " ind2=" ">
			<subfield code="a">   73160264 //r84</subfield>
		</datafield>
		<datafield tag="015" ind1=" " ind2=" ">
			<subfield code="a">B72-22544</subfield>
		</datafield>
		<datafield tag="020" ind1=" " ind2=" ">
			<subfield code="a">0713420707</subfield>
		</datafield>
		<datafield tag="035" ind1=" " ind2=" ">
			<subfield code="a">(TT@)63507-01gali_srtc</subfield>
		</datafield>
		<datafield tag="035" ind1=" " ind2=" ">
			<subfield code="a">tti98013298</subfield>
			<subfield code="9">ExL</subfield>
		</datafield>
		<datafield tag="039" ind1=" " ind2=" ">
			<subfield code="a">63507</subfield>
		</datafield>
		<datafield tag="050" ind1="0" ind2=" ">
			<subfield code="a">PR2976</subfield>
			<subfield code="b">.G673</subfield>
		</datafield>
		<datafield tag="082" ind1=" " ind2=" ">
			<subfield code="a">822.3/3</subfield>
		</datafield>
		<datafield tag="100" ind1="2" ind2="0">
			<subfield code="a">Granville-Barker, Harley,</subfield>
			<subfield code="d">1877-1946.</subfield>
		</datafield>
		<datafield tag="245" ind1="1" ind2="0">
			<subfield code="a">Prefaces to Shakespeare.</subfield>
		</datafield>
		<datafield tag="260" ind1="0" ind2=" ">
			<subfield code="a">London,</subfield>
			<subfield code="b">Sidgwick &amp; Jackson,</subfield>
			<subfield code="c">1927.</subfield>
		</datafield>
		<datafield tag="300" ind1=" " ind2=" ">
			<subfield code="a">[12], 543, (3), 449 p.</subfield>
			<subfield code="c">23 cm.</subfield>
		</datafield>
		<datafield tag="505" ind1="0" ind2=" ">
			<subfield code="a">v. 1. Love's labour's lost--Julius Caesar.--King Lear.</subfield>
		</datafield>
		<datafield tag="590" ind1=" " ind2=" ">
			<subfield code="a">Gift</subfield>
			<subfield code="b">20.00</subfield>
			<subfield code="c">Oct 6 2014.</subfield>
		</datafield>
		<datafield tag="600" ind1="1" ind2="0">
			<subfield code="a">Shakespeare, William,</subfield>
			<subfield code="d">1564-1616</subfield>
			<subfield code="x">Criticism and interpretation.</subfield>
		</datafield>
		<datafield tag="650" ind1=" " ind2="0">
			<subfield code="a">Prefaces.</subfield>
		</datafield>
		<datafield tag="650" ind1=" " ind2="0">
			<subfield code="a">English.</subfield>
		</datafield>
		<datafield tag="949" ind1=" " ind2=" ">
			<subfield code="a">TTI</subfield>
			<subfield code="c">PR2976</subfield>
			<subfield code="d">.G673</subfield>
			<subfield code="g">30407100539155</subfield>
			<subfield code="p">20.00</subfield>
		</datafield>
	</record>