
	<record>
		<leader>00859cam a2200277   4500</leader>
		<controlfield tag="001">991000650529704574</controlfield>
		<controlfield tag="005">20150706161608.0</controlfield>
		<controlfield tag="008">930504r19791881nyu    l            eng  </controlfield>
		<datafield tag="010" ind1=" " ind2=" ">
			<subfield code="a">   99021334 </subfield>
		</datafield>
		<datafield tag="020" ind1=" " ind2=" ">
			<subfield code="a">0451522885 (pbk)</subfield>
		</datafield>
		<datafield tag="035" ind1=" " ind2=" ">
			<subfield code="a">(TT@)65053-01gali_srtc</subfield>
		</datafield>
		<datafield tag="035" ind1=" " ind2=" ">
			<subfield code="a">wtr99021334</subfield>
			<subfield code="9">ExL</subfield>
		</datafield>
		<datafield tag="039" ind1=" " ind2=" ">
			<subfield code="a">65053</subfield>
		</datafield>
		<datafield tag="040" ind1=" " ind2=" ">
			<subfield code="d">FMlbTMQ</subfield>
		</datafield>
		<datafield tag="082" ind1=" " ind2=" ">
			<subfield code="a">813.4</subfield>
			<subfield code="2">19</subfield>
		</datafield>
		<datafield tag="100" ind1="1" ind2=" ">
			<subfield code="a">James, Henry,</subfield>
			<subfield code="d">1843-1916.</subfield>
		</datafield>
		<datafield tag="245" ind1="1" ind2="4">
			<subfield code="a">The portrait of a lady /</subfield>
			<subfield code="c">by Henry James ; with an afterword by Oscar Cargill.</subfield>
		</datafield>
		<datafield tag="260" ind1=" " ind2=" ">
			<subfield code="a">New York :</subfield>
			<subfield code="b">Penguin Books,</subfield>
			<subfield code="c">1979.</subfield>
		</datafield>
		<datafield tag="300" ind1=" " ind2=" ">
			<subfield code="a">559 p.</subfield>
		</datafield>
		<datafield tag="440" ind1="0" ind2="0">
			<subfield code="a">Signet classics</subfield>
			<subfield code="v">CE2288</subfield>
		</datafield>
		<datafield tag="534" ind1=" " ind2=" ">
			<subfield code="p">Originally published:</subfield>
			<subfield code="c">1881.</subfield>
		</datafield>
		<datafield tag="590" ind1=" " ind2=" ">
			<subfield code="a">Gift</subfield>
			<subfield code="b">5.00</subfield>
			<subfield code="c">3/24/14</subfield>
		</datafield>
		<datafield tag="650" ind1=" " ind2="0">
			<subfield code="a">Americans</subfield>
			<subfield code="z">Europe</subfield>
			<subfield code="x">Fiction.</subfield>
		</datafield>
		<datafield tag="650" ind1=" " ind2="0">
			<subfield code="a">English.</subfield>
		</datafield>
		<datafield tag="651" ind1=" " ind2="0">
			<subfield code="a">Europe</subfield>
			<subfield code="x">Social life and customs</subfield>
			<subfield code="x">Fiction.</subfield>
		</datafield>
		<datafield tag="655" ind1=" " ind2="7">
			<subfield code="a">Love stories.</subfield>
			<subfield code="2">unknown</subfield>
		</datafield>
		<datafield tag="700" ind1="1" ind2="0">
			<subfield code="a">Cargill, Oscar,</subfield>
			<subfield code="d">1898-</subfield>
		</datafield>
		<datafield tag="949" ind1=" " ind2=" ">
			<subfield code="a">TTI</subfield>
			<subfield code="c">PS2116</subfield>
			<subfield code="d">.P63</subfield>
			<subfield code="g">30407100498600</subfield>
			<subfield code="p">5.00</subfield>
		</datafield>
	</record>