
	<record>
		<leader>01024nam a2200313 a 4500</leader>
		<controlfield tag="001">991000661829704574</controlfield>
		<controlfield tag="005">20150908124743.0</controlfield>
		<controlfield tag="008">150908s1980    nyu           000 0 eng d</controlfield>
		<datafield tag="020" ind1=" " ind2=" ">
			<subfield code="a">090571248X</subfield>
		</datafield>
		<datafield tag="020" ind1=" " ind2=" ">
			<subfield code="a">9780905712482</subfield>
		</datafield>
		<datafield tag="035" ind1=" " ind2=" ">
			<subfield code="a">(TT@)66183-01gali_srtc</subfield>
		</datafield>
		<datafield tag="035" ind1=" " ind2=" ">
			<subfield code="a">mat96023541</subfield>
			<subfield code="9">ExL</subfield>
		</datafield>
		<datafield tag="039" ind1=" " ind2=" ">
			<subfield code="a">66183</subfield>
		</datafield>
		<datafield tag="040" ind1=" " ind2=" ">
			<subfield code="a">TT@</subfield>
			<subfield code="c">TT@</subfield>
		</datafield>
		<datafield tag="050" ind1="1" ind2="4">
			<subfield code="a">PR6007.U47</subfield>
			<subfield code="b">A6 1981</subfield>
		</datafield>
		<datafield tag="100" ind1="1" ind2=" ">
			<subfield code="a"> Du Maurier, Daphne,</subfield>
			<subfield code="d">1907-1989.</subfield>
		</datafield>
		<datafield tag="245" ind1="1" ind2="0">
			<subfield code="a">Four complete novels / </subfield>
			<subfield code="c">Daphne Du Maurier.</subfield>
		</datafield>
		<datafield tag="260" ind1=" " ind2=" ">
			<subfield code="a">New York :</subfield>
			<subfield code="b">Octopus,</subfield>
			<subfield code="c">1980.</subfield>
		</datafield>
		<datafield tag="300" ind1=" " ind2=" ">
			<subfield code="a">861 pages ;</subfield>
			<subfield code="c">24 cm</subfield>
		</datafield>
		<datafield tag="336" ind1=" " ind2=" ">
			<subfield code="a">text </subfield>
			<subfield code="b">txt </subfield>
			<subfield code="2">rdacontent</subfield>
		</datafield>
		<datafield tag="337" ind1=" " ind2=" ">
			<subfield code="a">unmediated </subfield>
			<subfield code="b">n </subfield>
			<subfield code="2">rdamedia</subfield>
		</datafield>
		<datafield tag="338" ind1=" " ind2=" ">
			<subfield code="a">volume </subfield>
			<subfield code="b">nc </subfield>
			<subfield code="2">rdacarrier</subfield>
		</datafield>
		<datafield tag="500" ind1=" " ind2=" ">
			<subfield code="a">Complete &amp; unabridged.</subfield>
		</datafield>
		<datafield tag="505" ind1="0" ind2=" ">
			<subfield code="a">Rebecca.-- Jamaica Inn.-- Frenchman's Creek.-- My cousin Rachel.</subfield>
		</datafield>
		<datafield tag="590" ind1=" " ind2=" ">
			<subfield code="a">Gift</subfield>
			<subfield code="b">$10.00</subfield>
			<subfield code="c">8.18.2015</subfield>
		</datafield>
		<datafield tag="650" ind1=" " ind2="0">
			<subfield code="a">Literature.</subfield>
		</datafield>
		<datafield tag="650" ind1=" " ind2="0">
			<subfield code="a">Historical fiction.</subfield>
		</datafield>
		<datafield tag="650" ind1=" " ind2="0">
			<subfield code="a">Love stories.</subfield>
		</datafield>
		<datafield tag="650" ind1=" " ind2="7">
			<subfield code="a">Historical fiction. </subfield>
			<subfield code="0">(OCoLC)fst00957973.</subfield>
			<subfield code="2">fast</subfield>
		</datafield>
		<datafield tag="650" ind1=" " ind2="7">
			<subfield code="a">Love stories. </subfield>
			<subfield code="0">(OCoLC)fst01002985.</subfield>
			<subfield code="2">fast</subfield>
		</datafield>
		<datafield tag="949" ind1=" " ind2=" ">
			<subfield code="a">TTI</subfield>
			<subfield code="c">PR6007.U47</subfield>
			<subfield code="d">A6 1981</subfield>
			<subfield code="g">30858100106942</subfield>
			<subfield code="p">10.00</subfield>
		</datafield>
	</record>