
	<record>
		<leader>00876nam a2200241 a 4500</leader>
		<controlfield tag="001">991000662519704574</controlfield>
		<controlfield tag="005">20150706170826.0</controlfield>
		<controlfield tag="008">850208r19931985nyu           000 1 eng d</controlfield>
		<datafield tag="010" ind1=" " ind2=" ">
			<subfield code="a">bl 99743831 </subfield>
		</datafield>
		<datafield tag="020" ind1=" " ind2=" ">
			<subfield code="a">0515090379 (pbk.)</subfield>
		</datafield>
		<datafield tag="035" ind1=" " ind2=" ">
			<subfield code="a">(TT@)66252-01gali_srtc</subfield>
		</datafield>
		<datafield tag="035" ind1=" " ind2=" ">
			<subfield code="a">(AU)bl 99743831</subfield>
			<subfield code="9">ExL</subfield>
		</datafield>
		<datafield tag="039" ind1=" " ind2=" ">
			<subfield code="a">66252</subfield>
		</datafield>
		<datafield tag="040" ind1=" " ind2=" ">
			<subfield code="a">Baker &amp; Taylor</subfield>
			<subfield code="c">Baker &amp; Taylor</subfield>
		</datafield>
		<datafield tag="050" ind1="1" ind2="4">
			<subfield code="a">PS3569.P4532</subfield>
			<subfield code="b">S4 1993</subfield>
		</datafield>
		<datafield tag="082" ind1="0" ind2="4">
			<subfield code="a">813/.54</subfield>
			<subfield code="2">20</subfield>
		</datafield>
		<datafield tag="082" ind1="1" ind2="4">
			<subfield code="a">FIC</subfield>
			<subfield code="2">12</subfield>
			<subfield code="5">NjBwBT</subfield>
		</datafield>
		<datafield tag="100" ind1="1" ind2=" ">
			<subfield code="a">Spencer, LaVyrle.</subfield>
		</datafield>
		<datafield tag="245" ind1="1" ind2="0">
			<subfield code="a">Separate beds /</subfield>
			<subfield code="c">LaVyrle Spencer.</subfield>
		</datafield>
		<datafield tag="260" ind1=" " ind2=" ">
			<subfield code="a">New York :</subfield>
			<subfield code="b">Jove Books,</subfield>
			<subfield code="c">[1993], c1985.</subfield>
		</datafield>
		<datafield tag="300" ind1=" " ind2=" ">
			<subfield code="a">392 p. ;</subfield>
			<subfield code="c">18 cm.</subfield>
		</datafield>
		<datafield tag="520" ind1=" " ind2=" ">
			<subfield code="a">Although the wedding of Clay Forrester and Catherine Anderson is considered the social event of the season, it is, in fact, a marriage of convenience that is only complicated by the unexpected arrival of love</subfield>
			<subfield code="5">NjBwBT</subfield>
		</datafield>
		<datafield tag="590" ind1=" " ind2=" ">
			<subfield code="a">Gift</subfield>
			<subfield code="b">$5.00</subfield>
			<subfield code="c">4/27/2015</subfield>
		</datafield>
		<datafield tag="949" ind1=" " ind2=" ">
			<subfield code="a">TTIPB</subfield>
			<subfield code="c">Romance</subfield>
			<subfield code="g">30407100547331</subfield>
			<subfield code="p">5.00</subfield>
		</datafield>
	</record>