
	<record>
		<leader>01009nam a2200253 a 4500</leader>
		<controlfield tag="001">991000666319704574</controlfield>
		<controlfield tag="005">20160323110122.0</controlfield>
		<controlfield tag="008">160323s                      000 0 eng d</controlfield>
		<datafield tag="020" ind1=" " ind2=" ">
			<subfield code="a">9780874831511</subfield>
		</datafield>
		<datafield tag="035" ind1=" " ind2=" ">
			<subfield code="a">(TT@)66632-01gali_srtc</subfield>
		</datafield>
		<datafield tag="035" ind1=" " ind2=" ">
			<subfield code="a">mat96023702</subfield>
			<subfield code="9">ExL</subfield>
		</datafield>
		<datafield tag="039" ind1=" " ind2=" ">
			<subfield code="a">66632</subfield>
		</datafield>
		<datafield tag="040" ind1=" " ind2=" ">
			<subfield code="a">TT@</subfield>
			<subfield code="c">TT@</subfield>
		</datafield>
		<datafield tag="050" ind1=" " ind2="4">
			<subfield code="a">BV4596.A48</subfield>
			<subfield code="b">M36 1990</subfield>
		</datafield>
		<datafield tag="100" ind1="1" ind2=" ">
			<subfield code="a">McQ, Joe,</subfield>
			<subfield code="d">1928-</subfield>
			<subfield code="e">author.</subfield>
		</datafield>
		<datafield tag="245" ind1="1" ind2="4">
			<subfield code="a">The steps we took :</subfield>
			<subfield code="b"> a teacher of the twelve steps shares his experience, strength, and hope with all those recovering from addictions, all who want to recover, and all who love them /</subfield>
			<subfield code="c">by Joe McQ.</subfield>
		</datafield>
		<datafield tag="264" ind1=" " ind2=" ">
			<subfield code="a">Atlanta, Georgia :</subfield>
			<subfield code="b">August House Publishers, Inc.,</subfield>
			<subfield code="c">1990</subfield>
		</datafield>
		<datafield tag="300" ind1=" " ind2=" ">
			<subfield code="a">182 pages : </subfield>
			<subfield code="b">illustrations ; </subfield>
			<subfield code="c">22 cm</subfield>
		</datafield>
		<datafield tag="336" ind1=" " ind2=" ">
			<subfield code="a">text </subfield>
			<subfield code="b">txt </subfield>
			<subfield code="2">rdacontent</subfield>
		</datafield>
		<datafield tag="337" ind1=" " ind2=" ">
			<subfield code="a">unmediated </subfield>
			<subfield code="b">n </subfield>
			<subfield code="2">rdamedia</subfield>
		</datafield>
		<datafield tag="338" ind1=" " ind2=" ">
			<subfield code="a">volume </subfield>
			<subfield code="b">nc </subfield>
			<subfield code="2">rdacarrier</subfield>
		</datafield>
		<datafield tag="590" ind1=" " ind2=" ">
			<subfield code="a">Gift</subfield>
			<subfield code="b">FAC</subfield>
			<subfield code="b">10.00</subfield>
			<subfield code="c">2.3.2016</subfield>
		</datafield>
		<datafield tag="650" ind1=" " ind2="0">
			<subfield code="a">Social service.</subfield>
		</datafield>
		<datafield tag="650" ind1=" " ind2="0">
			<subfield code="a">Alcoholics</subfield>
			<subfield code="x">Religious life.</subfield>
		</datafield>
		<datafield tag="650" ind1=" " ind2="0">
			<subfield code="a">Twelve-step programs</subfield>
			<subfield code="x">Religious aspects</subfield>
			<subfield code="x">Christianity.</subfield>
		</datafield>
		<datafield tag="949" ind1=" " ind2=" ">
			<subfield code="a">TTI</subfield>
			<subfield code="c">BV4596.A48</subfield>
			<subfield code="d">M36 2005</subfield>
			<subfield code="g">30858100122337</subfield>
			<subfield code="p">10.00</subfield>
		</datafield>
	</record>