
	<record>
		<leader>01086nam a2200301Ia 4500</leader>
		<controlfield tag="001">991001069543104574</controlfield>
		<controlfield tag="005">20170815142258.0</controlfield>
		<controlfield tag="006">m     o  d |      </controlfield>
		<controlfield tag="007">cr -n---------</controlfield>
		<controlfield tag="008">080604s1990    enk     ob    001 0 eng d</controlfield>
		<datafield tag="010" ind1=" " ind2=" ">
			<subfield code="z">   89006315 </subfield>
		</datafield>
		<datafield tag="020" ind1=" " ind2=" ">
			<subfield code="a">1-134-78306-X</subfield>
		</datafield>
		<datafield tag="020" ind1=" " ind2=" ">
			<subfield code="a">1-280-33827-X</subfield>
		</datafield>
		<datafield tag="020" ind1=" " ind2=" ">
			<subfield code="a">0-203-19451-9</subfield>
		</datafield>
		<datafield tag="020" ind1=" " ind2=" ">
			<subfield code="a">0-203-28647-2</subfield>
		</datafield>
		<datafield tag="035" ind1=" " ind2=" ">
			<subfield code="a">(CKB)111056485526060</subfield>
		</datafield>
		<datafield tag="035" ind1=" " ind2=" ">
			<subfield code="a">(EBL)179680</subfield>
		</datafield>
		<datafield tag="035" ind1=" " ind2=" ">
			<subfield code="a">(OCoLC)144618614</subfield>
		</datafield>
		<datafield tag="035" ind1=" " ind2=" ">
			<subfield code="a">(SSID)ssj0000070902</subfield>
		</datafield>
		<datafield tag="035" ind1=" " ind2=" ">
			<subfield code="a">(PQKBManifestationID)11107157</subfield>
		</datafield>
		<datafield tag="035" ind1=" " ind2=" ">
			<subfield code="a">(PQKBTitleCode)TC0000070902</subfield>
		</datafield>
		<datafield tag="035" ind1=" " ind2=" ">
			<subfield code="a">(PQKBWorkID)10070032</subfield>
		</datafield>
		<datafield tag="035" ind1=" " ind2=" ">
			<subfield code="a">(PQKB)11287134</subfield>
		</datafield>
		<datafield tag="035" ind1=" " ind2=" ">
			<subfield code="a">(SSID)ssj0000799400</subfield>
		</datafield>
		<datafield tag="035" ind1=" " ind2=" ">
			<subfield code="a">(PQKBManifestationID)12331004</subfield>
		</datafield>
		<datafield tag="035" ind1=" " ind2=" ">
			<subfield code="a">(PQKBTitleCode)TC0000799400</subfield>
		</datafield>
		<datafield tag="035" ind1=" " ind2=" ">
			<subfield code="a">(PQKBWorkID)10764119</subfield>
		</datafield>
		<datafield tag="035" ind1=" " ind2=" ">
			<subfield code="a">(PQKB)21029470</subfield>
		</datafield>
		<datafield tag="035" ind1=" " ind2=" ">
			<subfield code="a">(MiAaPQ)EBC179680</subfield>
		</datafield>
		<datafield tag="035" ind1=" " ind2=" ">
			<subfield code="a">(EXLCZ)99111056485526060</subfield>
		</datafield>
		<datafield tag="040" ind1=" " ind2=" ">
			<subfield code="a">MiAaPQ</subfield>
			<subfield code="c">MiAaPQ</subfield>
			<subfield code="d">MiAaPQ</subfield>
		</datafield>
		<datafield tag="041" ind1=" " ind2=" ">
			<subfield code="a">eng</subfield>
		</datafield>
		<datafield tag="050" ind1=" " ind2="4">
			<subfield code="a">PR2638</subfield>
			<subfield code="b">.B47 1990</subfield>
		</datafield>
		<datafield tag="082" ind1="0" ind2="0">
			<subfield code="a">822.3</subfield>
			<subfield code="a">822/.3</subfield>
		</datafield>
		<datafield tag="245" ind1="0" ind2="0">
			<subfield code="a">Ben Jonson</subfield>
			<subfield code="h">[electronic resource] /</subfield>
			<subfield code="c">edited by D.H. Craig.</subfield>
		</datafield>
		<datafield tag="260" ind1=" " ind2=" ">
			<subfield code="a">London ;</subfield>
			<subfield code="a">New York :</subfield>
			<subfield code="b">Routledge,</subfield>
			<subfield code="c">1990.</subfield>
		</datafield>
		<datafield tag="300" ind1=" " ind2=" ">
			<subfield code="a">1 online resource (624 p.)</subfield>
		</datafield>
		<datafield tag="336" ind1=" " ind2=" ">
			<subfield code="a">text</subfield>
			<subfield code="b">txt</subfield>
		</datafield>
		<datafield tag="337" ind1=" " ind2=" ">
			<subfield code="a">computer</subfield>
			<subfield code="b">c</subfield>
		</datafield>
		<datafield tag="338" ind1=" " ind2=" ">
			<subfield code="a">online resource</subfield>
			<subfield code="b">cr</subfield>
		</datafield>
		<datafield tag="490" ind1="1" ind2=" ">
			<subfield code="a">The critical heritage series</subfield>
		</datafield>
		<datafield tag="500" ind1=" " ind2=" ">
			<subfield code="a">Description based upon print version of record.</subfield>
		</datafield>
		<datafield tag="505" ind1="0" ind2=" ">
			<subfield code="a">Book Cover; Half-Title; Title; Copyright; General Editor's Preface; Contents; Preface; Note; Abbreviations; Introduction; I; II; III; IV; V; NOTES; 1. John Weever, Marston and Jonson; 2. Ben Jonson, Every Man out of his Humour; NOTES; 3. Ben Jonson, prologue to Cynthia's Revels; 4. John Weever, Jonson as humorist; NOTES; 5. Nicholas Breton on the satirical fashion; 6. Ben Jonson, Poetaster; NOTES; 7. Thomas Dekker, Horace untrussed; NOTES; 8. Charles Fitzgeffrey on Jonson; 9. Cambridge views on the War of the Theatres; 10. Henry Chettle, Jonson's steel pen</subfield>
		</datafield>
		<datafield tag="505" ind1="8" ind2=" ">
			<subfield code="a">11. Samuel Daniel attacks the learned masqueNOTES; 12. Thomas Dekker on Jonson's pedantry; NOTE; 13. John Marston, tribute to Jonson; 14. Sir Edward Herbert on Jonson's Horace; 15. Jonson as laureate; NOTES; 16. On Sejanus; NOTES; 17. John Marston glances at Sejanus; 18. Ben Jonson on his masques; NOTES; 19. On Volpone; NOTES; 20. Ben Jonson, more principles for the masque; NOTES; 21. Jonson's comedy malicious and factious; 22. Ben Jonson, prologue to The Alchemist; 23. On Catiline; 24. John Selden on Jonson's scholarship; 25. Ben Jonson, Bartholomew Fair; 26. On Jonson's epigrams</subfield>
		</datafield>
		<datafield tag="505" ind1="8" ind2=" ">
			<subfield code="a">27. William Fennor on the reception of Sejanus28. Robert Anton, Jonson among the melancholic creators; 29. From The Workes of Benjamin Jonson; 30. William Drummond, Jonson's character; 31. Inigo Jones, attack on Jonson; 32. Edmund Bolton on Jonson's language; 33. George Chapman, expostulation with Jonson; NOTES; 34. Ben Jonson on The Staple of News; 35. Nicholas Oldisworth on Jonson; 36. Controversy over The New Inn; NOTES; 37. Falkland on Jonson as the dispenser of fame; NOTES; 38. Leonard Digges, Shakespeare's plays more popular than Jonson's</subfield>
		</datafield>
		<datafield tag="505" ind1="8" ind2=" ">
			<subfield code="a">39. Thomas Randolph on the power of Jonson's verses40. Ben Jonson, The Magnetic Lay; 41. Alexander Gill, attack on The Magnetic Lady; NOTES; 42. James Howell, letters to Jonson; NOTE; 43. Sir John Suckling, caricature of Jonson; 44. Ben Jonson, prologue to The Sad Shepherd; NOTES; 45. Sir John Suckling, Jonson's arrogance; 46. James Shirley on Jonson and The Alchemist; 47. Newcastle, tribute to Jonson; 48. George Stutvile, Jonson as tutor; 49. Tributes from Jonsonus Virbius; NOTE; 50. George Daniel, elegy on Jonson; 51. John Benson, dedication of Jonson's Poems</subfield>
		</datafield>
		<datafield tag="505" ind1="8" ind2=" ">
			<subfield code="a">52. On Jonson's translation of Horace's Ars Poetica53. James Shirley on Shakespeare, Fletcher, and Jonson; 54. William Cartwright on Jonson's love-scenes; 55. Robert Herrick, tributes to Jonson; 56. Edmund Gayton, Jonson the scholar's playwright; NOTES; 57. On reviving Jonson at the Restoration; 58. Samuel Pepys on performances of Epicoene and Bartholomew Fair; NOTE; 59. The Play of the Puritan; 60. Margaret Cavendish on Jonson's plays; 61. Thomas Fuller, portrait of Jonson; 62. Richard Flecknoe, Jonson's part in the history of the English stage</subfield>
		</datafield>
		<datafield tag="505" ind1="8" ind2=" ">
			<subfield code="a">63. Samuel Pepys on performances of Epicoene and Bartholomew Fair</subfield>
		</datafield>
		<datafield tag="520" ind1=" " ind2=" ">
			<subfield code="a">The Critical Heritage gathers together a large body of critical sources on major figures in literature. Each volume presents contemporary responses to a writer's work, enabling students and researchers to read the material themselves.</subfield>
		</datafield>
		<datafield tag="546" ind1=" " ind2=" ">
			<subfield code="a">English</subfield>
		</datafield>
		<datafield tag="504" ind1=" " ind2=" ">
			<subfield code="a">Includes bibliographical references and index.</subfield>
		</datafield>
		<datafield tag="600" ind1="1" ind2="0">
			<subfield code="a">Jonson, Ben,</subfield>
			<subfield code="d">1573?-1637</subfield>
			<subfield code="x">Criticism and interpretation.</subfield>
		</datafield>
		<datafield tag="600" ind1="1" ind2="0">
			<subfield code="a">Jonson, Ben,</subfield>
			<subfield code="d">1573?-1637</subfield>
			<subfield code="x">Criticism and interpretation</subfield>
			<subfield code="x">History.</subfield>
		</datafield>
		<datafield tag="650" ind1=" " ind2="0">
			<subfield code="a">English literature.</subfield>
		</datafield>
		<datafield tag="655" ind1=" " ind2="4">
			<subfield code="a">Electronic books.</subfield>
		</datafield>
		<datafield tag="700" ind1="1" ind2=" ">
			<subfield code="a">Craig, D. H.</subfield>
		</datafield>
		<datafield tag="776" ind1=" " ind2=" ">
			<subfield code="z">0-415-56882-X</subfield>
		</datafield>
		<datafield tag="776" ind1=" " ind2=" ">
			<subfield code="z">0-415-13417-X</subfield>
		</datafield>
		<datafield tag="830" ind1=" " ind2="0">
			<subfield code="a">Critical heritage series.</subfield>
		</datafield>
		<datafield tag="906" ind1=" " ind2=" ">
			<subfield code="a">BOOK</subfield>
		</datafield>
	</record>