
	<record>
		<leader>01023nam a2200289 a 4500</leader>
		<controlfield tag="001">991001069621804574</controlfield>
		<controlfield tag="005">20170814181000.0</controlfield>
		<controlfield tag="006">m     o  d |      </controlfield>
		<controlfield tag="007">cr -n---------</controlfield>
		<controlfield tag="008">101215s1995    enk     ob    001 0beng d</controlfield>
		<datafield tag="020" ind1=" " ind2=" ">
			<subfield code="a">1-280-32491-0</subfield>
		</datafield>
		<datafield tag="020" ind1=" " ind2=" ">
			<subfield code="a">0-585-46113-9</subfield>
		</datafield>
		<datafield tag="035" ind1=" " ind2=" ">
			<subfield code="a">(CKB)111087026818022</subfield>
		</datafield>
		<datafield tag="035" ind1=" " ind2=" ">
			<subfield code="a">(EBL)179646</subfield>
		</datafield>
		<datafield tag="035" ind1=" " ind2=" ">
			<subfield code="a">(OCoLC)701829921</subfield>
		</datafield>
		<datafield tag="035" ind1=" " ind2=" ">
			<subfield code="a">(SSID)ssj0000071046</subfield>
		</datafield>
		<datafield tag="035" ind1=" " ind2=" ">
			<subfield code="a">(PQKBManifestationID)12006327</subfield>
		</datafield>
		<datafield tag="035" ind1=" " ind2=" ">
			<subfield code="a">(PQKBTitleCode)TC0000071046</subfield>
		</datafield>
		<datafield tag="035" ind1=" " ind2=" ">
			<subfield code="a">(PQKBWorkID)10070854</subfield>
		</datafield>
		<datafield tag="035" ind1=" " ind2=" ">
			<subfield code="a">(PQKB)10199074</subfield>
		</datafield>
		<datafield tag="035" ind1=" " ind2=" ">
			<subfield code="a">(SSID)ssj0000161867</subfield>
		</datafield>
		<datafield tag="035" ind1=" " ind2=" ">
			<subfield code="a">(PQKBManifestationID)11169681</subfield>
		</datafield>
		<datafield tag="035" ind1=" " ind2=" ">
			<subfield code="a">(PQKBTitleCode)TC0000161867</subfield>
		</datafield>
		<datafield tag="035" ind1=" " ind2=" ">
			<subfield code="a">(PQKBWorkID)10199774</subfield>
		</datafield>
		<datafield tag="035" ind1=" " ind2=" ">
			<subfield code="a">(PQKB)11579721</subfield>
		</datafield>
		<datafield tag="035" ind1=" " ind2=" ">
			<subfield code="a">(MiAaPQ)EBC179646</subfield>
		</datafield>
		<datafield tag="035" ind1=" " ind2=" ">
			<subfield code="a">(EXLCZ)99111087026818022</subfield>
		</datafield>
		<datafield tag="040" ind1=" " ind2=" ">
			<subfield code="a">MiAaPQ</subfield>
			<subfield code="c">MiAaPQ</subfield>
			<subfield code="d">MiAaPQ</subfield>
		</datafield>
		<datafield tag="041" ind1=" " ind2=" ">
			<subfield code="a">eng</subfield>
		</datafield>
		<datafield tag="050" ind1=" " ind2="4">
			<subfield code="a">PR1924</subfield>
			<subfield code="b">.G46 1995</subfield>
		</datafield>
		<datafield tag="082" ind1="0" ind2="0">
			<subfield code="a">821.1</subfield>
		</datafield>
		<datafield tag="110" ind1=" " ind2=" ">
			<subfield code="a">Brewer D Staff</subfield>
			<subfield code="e">Corporate Author</subfield>
		</datafield>
		<datafield tag="245" ind1="0" ind2="0">
			<subfield code="a">Geoffrey Chaucer.</subfield>
			<subfield code="n">Volume 2,</subfield>
			<subfield code="p">1837-1933</subfield>
			<subfield code="h">[electronic resource] /</subfield>
			<subfield code="c">edited by Derek Brewer.</subfield>
		</datafield>
		<datafield tag="260" ind1=" " ind2=" ">
			<subfield code="a">London :</subfield>
			<subfield code="b">Routledge,</subfield>
			<subfield code="c">1995.</subfield>
		</datafield>
		<datafield tag="300" ind1=" " ind2=" ">
			<subfield code="a">1 online resource (519 p.)</subfield>
		</datafield>
		<datafield tag="336" ind1=" " ind2=" ">
			<subfield code="a">text</subfield>
			<subfield code="b">txt</subfield>
		</datafield>
		<datafield tag="337" ind1=" " ind2=" ">
			<subfield code="a">computer</subfield>
			<subfield code="b">c</subfield>
		</datafield>
		<datafield tag="338" ind1=" " ind2=" ">
			<subfield code="a">online resource</subfield>
			<subfield code="b">cr</subfield>
		</datafield>
		<datafield tag="490" ind1="1" ind2=" ">
			<subfield code="a">The critical heritage</subfield>
		</datafield>
		<datafield tag="505" ind1="0" ind2=" ">
			<subfield code="a">Book Cover; Title; Contents; INTRODUCTION; BIBLIOGRAPHICAL NOTE; THE PRINCIPAL EDITIONS OF CHAUCER'S 'WORKS' UP TO 1933; RALPH WALDO EMERSON, The identity of all minds, 1837, 1849 (1850), 1856; RICHARD HENGIST HORNE, Translations, 1841; HENRY DAVID THOREAU, Homely, innocent, childish Chaucer, 1843 (1849); 'CHRISTOPHER NORTH' (John Wilson), The allegory of love, 1845; SIR NICHOLAS HARRIS NICOLAS, A Life founded on documentary evidence, 1845; JOHN HENRY LEIGH HUNT, Geniality, singing, 1846, 1855; JAMES LORIMER, Chaucer is our Goethe, 1849; WILLIAM WATKISS LLOYD, Chaucer's irony, 1856</subfield>
		</datafield>
		<datafield tag="505" ind1="8" ind2=" ">
			<subfield code="a">JOHN RUSKIN, Fimesis and other matters, 1856, 1865, 1870, 1873, 1876WALTER BAGEHOT, A healthy sagacious man of the world with a symmetrical mind, 1858; UNKNOWN, Story, situation and beauty, 1859; FRANCIS JAMES CHILD, Final -e, 1863 (1869); WALTER SAVAGE LANDOR, Creatures like ourselves, 1863; ALEXANDER SMITH, Chaucer the English Conservative, 1863; FREDERICK DENISON MAURICE, Cordial affection for men and for nature, 1865; 'MATTHEW BROWNE' (William Brightly Rands), Chaucer the Laodicean, 1869; JAMES RUSSELL LOWELL, Sincere, tender, humane, 1870 (1871); STOPFORD A.BROOKE, Natural beauty, 1871</subfield>
		</datafield>
		<datafield tag="505" ind1="8" ind2=" ">
			<subfield code="a">FREDERICK JAMES FURNIVALL, Work at Chaucer, 1873JOHN WESLEY HALES, Pity and irony, 1873; WILLIAM MINTO, The spirit of chivalry, 1876; WILLIAM CYPLES, Incredible sentimentality, and the old wonder of sex, 1877; ADOLPHUS WILLIAM WARD, Dramatist and novelist, 1879; MATTHEW ARNOLD, Chaucer lacks seriousness, 1880; GERARD MANLEY HOPKINS, Chaucer's scanning, 1880, 1881; ALGERNON CHARLES SWINBURNE, The middle class, 1880, 1886; WILLIAM MORRIS, Gentleman and happy child, 1888; THOMAS RAYNSFORD LOUNSBURY, Chaucer avoids dull English seriousness, 1891</subfield>
		</datafield>
		<datafield tag="505" ind1="8" ind2=" ">
			<subfield code="a">WILLIAM PATON KER, The commonplace transformed, 1895F.J.SNELL, Chaucer is the most irresponsible of men, 1901; SIR WALTER RALEIGH, Irony and simple good English, 1905 (1926); W.M.HART, Realism, unity and comic poetic justice, 1908; GEORGE SAINTSBURY, Chaucer's humour, 1908; JOHN WILLIAM MACKAIL, Daylight and romance, 1909; WILLIAM WITHERLE LAWRENCE, To show it as it was, 1911; GEORGE LYMAN KITTREDGE, A connected human comedy, 1912; EZRA POUND, Chaucer should be on every man's shelf, 1914, 1918, 1927, 1934,; HARRIET MONROE, Chaucer and Langland, 1915</subfield>
		</datafield>
		<datafield tag="505" ind1="8" ind2=" ">
			<subfield code="a">JOHN S.P.TATLOCK, Chaucer the Laodicean, 1916ALDOUS HUXLEY, In love with the inevitably material, 1920; CAROLINE F.E.SPURGEON, Critics of Chaucer judge themselves not him, 1925; VIRGINIA WOOLF, The morality of the novel, 1925; JOHN MATTHEWS MANLY, From art to nature, 1926; MARIO PRAZ, Chaucer the merchantman, 1927; THOMAS FREDERICK TOUT, A prudent courtier, 1929; WILLIAM EMPSON, The ambiguity of Chaucer, 1930; JOHN LIVINGSTONE LOWES, A powerfully associative memory, 1930; CLIVE STAPLES LEWIS, What Chaucer really did to 'Il Filostrato', 1932</subfield>
		</datafield>
		<datafield tag="505" ind1="8" ind2=" ">
			<subfield code="a">GILBERT KEITH CHESTERTON, Never a less typical poet, 1933</subfield>
		</datafield>
		<datafield tag="520" ind1=" " ind2=" ">
			<subfield code="a">The Critical Heritage gathers together a large body of critical sources on major figures in literature. Each volume presents contemporary responses to a writer's work, enabling students and researchers to read the material themselves.</subfield>
		</datafield>
		<datafield tag="546" ind1=" " ind2=" ">
			<subfield code="a">English</subfield>
		</datafield>
		<datafield tag="500" ind1=" " ind2=" ">
			<subfield code="a">First published in 1978.</subfield>
		</datafield>
		<datafield tag="504" ind1=" " ind2=" ">
			<subfield code="a">Includes bibliographical references and index.</subfield>
		</datafield>
		<datafield tag="600" ind1="1" ind2="0">
			<subfield code="a">Chaucer, Geoffrey,</subfield>
			<subfield code="d">d. 1400.</subfield>
		</datafield>
		<datafield tag="655" ind1=" " ind2="4">
			<subfield code="a">Electronic books.</subfield>
		</datafield>
		<datafield tag="700" ind1="1" ind2=" ">
			<subfield code="a">Brewer, Derek.</subfield>
		</datafield>
		<datafield tag="776" ind1=" " ind2=" ">
			<subfield code="z">0-415-56888-9</subfield>
		</datafield>
		<datafield tag="776" ind1=" " ind2=" ">
			<subfield code="z">0-415-13399-8</subfield>
		</datafield>
		<datafield tag="776" ind1=" " ind2=" ">
			<subfield code="z">0-203-19623-6</subfield>
		</datafield>
		<datafield tag="830" ind1=" " ind2="0">
			<subfield code="a">Critical heritage series.</subfield>
		</datafield>
		<datafield tag="906" ind1=" " ind2=" ">
			<subfield code="a">BOOK</subfield>
		</datafield>
	</record>