
	<record>
		<leader>01913pam a2200385 a 4500</leader>
		<controlfield tag="001">991001069871904574</controlfield>
		<controlfield tag="005">20020606093309.7</controlfield>
		<controlfield tag="008">900817s1991    akua    o     00010 eng  </controlfield>
		<datafield tag="010" ind1=" " ind2=" ">
			<subfield code="a">   90001295 </subfield>
		</datafield>
		<datafield tag="035" ind1=" " ind2=" ">
			<subfield code="a">(CKB)1000000000433115</subfield>
		</datafield>
		<datafield tag="035" ind1=" " ind2=" ">
			<subfield code="a">(MH)002468247-0</subfield>
		</datafield>
		<datafield tag="035" ind1=" " ind2=" ">
			<subfield code="a">(SSID)ssj0000369927</subfield>
		</datafield>
		<datafield tag="035" ind1=" " ind2=" ">
			<subfield code="a">(PQKBManifestationID)12153349</subfield>
		</datafield>
		<datafield tag="035" ind1=" " ind2=" ">
			<subfield code="a">(PQKBTitleCode)TC0000369927</subfield>
		</datafield>
		<datafield tag="035" ind1=" " ind2=" ">
			<subfield code="a">(PQKBWorkID)10376473</subfield>
		</datafield>
		<datafield tag="035" ind1=" " ind2=" ">
			<subfield code="a">(PQKB)11353364</subfield>
		</datafield>
		<datafield tag="035" ind1=" " ind2=" ">
			<subfield code="a">(EXLCZ)991000000000433115</subfield>
		</datafield>
		<datafield tag="040" ind1=" " ind2=" ">
			<subfield code="a">DLC</subfield>
			<subfield code="c">DLC</subfield>
			<subfield code="d">DLC</subfield>
		</datafield>
		<datafield tag="041" ind1=" " ind2=" ">
			<subfield code="a">eng</subfield>
		</datafield>
		<datafield tag="043" ind1=" " ind2=" ">
			<subfield code="a">n-us-ak</subfield>
			<subfield code="a">n-cn-bc</subfield>
		</datafield>
		<datafield tag="050" ind1="0" ind2="0">
			<subfield code="a">E99.T6</subfield>
			<subfield code="b">B44 1991</subfield>
		</datafield>
		<datafield tag="082" ind1="0" ind2="0">
			<subfield code="a">398.2/089972</subfield>
			<subfield code="2">20</subfield>
		</datafield>
		<datafield tag="100" ind1="1" ind2=" ">
			<subfield code="a">Beck, Mary Giraudo,</subfield>
			<subfield code="d">1924-</subfield>
		</datafield>
		<datafield tag="245" ind1="1" ind2="0">
			<subfield code="a">Shamans and kushtakas :</subfield>
			<subfield code="b">north coast tales of the supernatural /</subfield>
			<subfield code="c">Mary Giraudo Beck ; illustrated by Marvin Oliver.</subfield>
			<subfield code="h">[electronic resource]</subfield>
		</datafield>
		<datafield tag="260" ind1="0" ind2=" ">
			<subfield code="a">Anchorage :</subfield>
			<subfield code="b">Alaska Northwest Books,</subfield>
			<subfield code="c">c1991.</subfield>
		</datafield>
		<datafield tag="300" ind1=" " ind2=" ">
			<subfield code="a">1 online resource (127 p. )</subfield>
			<subfield code="b">ill. ;</subfield>
		</datafield>
		<datafield tag="336" ind1=" " ind2=" ">
			<subfield code="a">text</subfield>
			<subfield code="b">txt</subfield>
		</datafield>
		<datafield tag="337" ind1=" " ind2=" ">
			<subfield code="a">computer</subfield>
			<subfield code="b">c</subfield>
		</datafield>
		<datafield tag="338" ind1=" " ind2=" ">
			<subfield code="a">online resource</subfield>
			<subfield code="b">cr</subfield>
		</datafield>
		<datafield tag="504" ind1=" " ind2=" ">
			<subfield code="a">Includes bibliographical references (page 4).</subfield>
		</datafield>
		<datafield tag="505" ind1="0" ind2=" ">
			<subfield code="a">How Kaka won Land Otter power -- The challenge -- Land Otter sister -- Revenge -- Dead man's bride -- Ldaxin the skeptic -- Xat and the feather kite -- Owl woman -- The love charm.</subfield>
		</datafield>
		<datafield tag="520" ind1=" " ind2=" ">
			<subfield code="a">Mix of history, legend, and adventure to dramatize the values and traditions of Tlingit and Haida societies. The shaman, honored as a healer and one who could see into the future fought the kustaka, an evil spirit (half human and half land otter) for the souls of dying persons.</subfield>
		</datafield>
		<datafield tag="500" ind1=" " ind2=" ">
			<subfield code="a">Bibliographic Level Mode of Issuance: Monograph</subfield>
		</datafield>
		<datafield tag="546" ind1=" " ind2=" ">
			<subfield code="a">English</subfield>
		</datafield>
		<datafield tag="650" ind1=" " ind2="0">
			<subfield code="a">Tlingit Indians</subfield>
			<subfield code="x">Legends.</subfield>
		</datafield>
		<datafield tag="650" ind1=" " ind2="0">
			<subfield code="a">Haida Indians</subfield>
			<subfield code="x">Legends.</subfield>
		</datafield>
		<datafield tag="650" ind1=" " ind2="0">
			<subfield code="a">Tlingit Indians</subfield>
			<subfield code="x">Religion and mythology.</subfield>
		</datafield>
		<datafield tag="650" ind1=" " ind2="0">
			<subfield code="a">Haida Indians</subfield>
			<subfield code="x">Religion and mythology.</subfield>
		</datafield>
		<datafield tag="650" ind1=" " ind2="0">
			<subfield code="a">Tlingit Indians</subfield>
			<subfield code="x">Folklore.</subfield>
		</datafield>
		<datafield tag="650" ind1=" " ind2="0">
			<subfield code="a">Haida Indians</subfield>
			<subfield code="x">Folklore.</subfield>
		</datafield>
		<datafield tag="650" ind1=" " ind2="0">
			<subfield code="a">Tlingit mythology.</subfield>
		</datafield>
		<datafield tag="650" ind1=" " ind2="0">
			<subfield code="a">Haida mythology.</subfield>
		</datafield>
		<datafield tag="655" ind1=" " ind2="7">
			<subfield code="a">Folklore.</subfield>
			<subfield code="2">fast</subfield>
		</datafield>
		<datafield tag="655" ind1=" " ind2=" ">
			<subfield code="a">Electronic books</subfield>
		</datafield>
		<datafield tag="650" ind1=" " ind2="0">
			<subfield code="a">Tlingit Indians</subfield>
			<subfield code="x">Folklore</subfield>
		</datafield>
		<datafield tag="650" ind1=" " ind2="0">
			<subfield code="a">Haida Indians</subfield>
			<subfield code="x">Folklore</subfield>
		</datafield>
		<datafield tag="650" ind1=" " ind2="0">
			<subfield code="a">Tlingit mythology</subfield>
		</datafield>
		<datafield tag="650" ind1=" " ind2="0">
			<subfield code="a">Haida mythology</subfield>
		</datafield>
		<datafield tag="650" ind1=" " ind2="7">
			<subfield code="a">Ethnic &amp; Race Studies</subfield>
			<subfield code="2">HILCC</subfield>
		</datafield>
		<datafield tag="650" ind1=" " ind2="7">
			<subfield code="a">Gender &amp; Ethnic Studies</subfield>
			<subfield code="2">HILCC</subfield>
		</datafield>
		<datafield tag="650" ind1=" " ind2="7">
			<subfield code="a">Social Sciences</subfield>
			<subfield code="2">HILCC</subfield>
		</datafield>
		<datafield tag="776" ind1=" " ind2=" ">
			<subfield code="z">0-88240-406-7</subfield>
		</datafield>
		<datafield tag="906" ind1=" " ind2=" ">
			<subfield code="a">BOOK</subfield>
		</datafield>
		<datafield tag="999" ind1=" " ind2=" ">
			<subfield code="a">This Record contains information from the Harvard Library Bibliographic Dataset, which is provided by the Harvard Library under its Bibliographic Dataset Use Terms and includes data made available by, among others the Library of Congress</subfield>
		</datafield>
	</record>