
	<record>
		<leader>01229nam  2200313Ia 4500</leader>
		<controlfield tag="001">991001070016704574</controlfield>
		<controlfield tag="005">20170918170214.0</controlfield>
		<controlfield tag="006">m     o  d |      </controlfield>
		<controlfield tag="007">cr -n---------</controlfield>
		<controlfield tag="008">910827s1992    enk     ob    001 0 eng d</controlfield>
		<datafield tag="010" ind1=" " ind2=" ">
			<subfield code="z">   91032120 </subfield>
		</datafield>
		<datafield tag="020" ind1=" " ind2=" ">
			<subfield code="a">1-134-93895-0</subfield>
		</datafield>
		<datafield tag="020" ind1=" " ind2=" ">
			<subfield code="a">1-138-15936-0</subfield>
		</datafield>
		<datafield tag="020" ind1=" " ind2=" ">
			<subfield code="a">1-280-05764-5</subfield>
		</datafield>
		<datafield tag="020" ind1=" " ind2=" ">
			<subfield code="a">0-203-35924-0</subfield>
		</datafield>
		<datafield tag="035" ind1=" " ind2=" ">
			<subfield code="a">(CKB)1000000000444032</subfield>
		</datafield>
		<datafield tag="035" ind1=" " ind2=" ">
			<subfield code="a">(EBL)179184</subfield>
		</datafield>
		<datafield tag="035" ind1=" " ind2=" ">
			<subfield code="a">(OCoLC)475883685</subfield>
		</datafield>
		<datafield tag="035" ind1=" " ind2=" ">
			<subfield code="a">(SSID)ssj0000071343</subfield>
		</datafield>
		<datafield tag="035" ind1=" " ind2=" ">
			<subfield code="a">(PQKBManifestationID)11110102</subfield>
		</datafield>
		<datafield tag="035" ind1=" " ind2=" ">
			<subfield code="a">(PQKBTitleCode)TC0000071343</subfield>
		</datafield>
		<datafield tag="035" ind1=" " ind2=" ">
			<subfield code="a">(PQKBWorkID)10090613</subfield>
		</datafield>
		<datafield tag="035" ind1=" " ind2=" ">
			<subfield code="a">(PQKB)10882990</subfield>
		</datafield>
		<datafield tag="035" ind1=" " ind2=" ">
			<subfield code="a">(MiAaPQ)EBC179184</subfield>
		</datafield>
		<datafield tag="035" ind1=" " ind2=" ">
			<subfield code="a">(EXLCZ)991000000000444032</subfield>
		</datafield>
		<datafield tag="040" ind1=" " ind2=" ">
			<subfield code="a">MiAaPQ</subfield>
			<subfield code="c">MiAaPQ</subfield>
			<subfield code="d">MiAaPQ</subfield>
		</datafield>
		<datafield tag="041" ind1=" " ind2=" ">
			<subfield code="a">eng</subfield>
		</datafield>
		<datafield tag="050" ind1=" " ind2="4">
			<subfield code="a">PR113</subfield>
			<subfield code="b">.W66 1992</subfield>
		</datafield>
		<datafield tag="082" ind1="0" ind2="0">
			<subfield code="a">820.9/352042/0903</subfield>
			<subfield code="a">820.93520903</subfield>
		</datafield>
		<datafield tag="245" ind1="0" ind2="0">
			<subfield code="a">Women, texts, and histories</subfield>
			<subfield code="h">[electronic resource] :</subfield>
			<subfield code="b">1575-1760 /</subfield>
			<subfield code="c">edited by Clare Brant and Diane Purkiss.</subfield>
		</datafield>
		<datafield tag="260" ind1=" " ind2=" ">
			<subfield code="a">London ;</subfield>
			<subfield code="a">New York :</subfield>
			<subfield code="b">Routledge,</subfield>
			<subfield code="c">1992.</subfield>
		</datafield>
		<datafield tag="300" ind1=" " ind2=" ">
			<subfield code="a">1 online resource (314 p.)</subfield>
		</datafield>
		<datafield tag="336" ind1=" " ind2=" ">
			<subfield code="a">text</subfield>
			<subfield code="b">txt</subfield>
		</datafield>
		<datafield tag="337" ind1=" " ind2=" ">
			<subfield code="a">computer</subfield>
			<subfield code="b">c</subfield>
		</datafield>
		<datafield tag="338" ind1=" " ind2=" ">
			<subfield code="a">online resource</subfield>
			<subfield code="b">cr</subfield>
		</datafield>
		<datafield tag="500" ind1=" " ind2=" ">
			<subfield code="a">Description based upon print version of record.</subfield>
		</datafield>
		<datafield tag="505" ind1="0" ind2=" ">
			<subfield code="a">Book Cover; Title; Contents; Notes on contributors; Acknowledgements; INTRODUCTION: MINDING THE STORY; WHY THE LADY'S EYES ARE NOTHING LIKE THE SUN; 'YET TELL ME SOME SUCH FICTION': LADY MARY WROTH'S URANIA AND THE 'FEMININITY' OF ROMANCE; MATERIAL GIRLS: THE SEVENTEENTHCENTURY WOMAN DEBATE; BLAZING WORLDS: SEVENTEENTHCENTURY WOMEN'S UTOPIAN WRITING; 'MY BRAIN THE STAGE': MARGARET CAVENDISH AND THE FANTASY OF FEMALE PERFORMANCE; 'THE PERSON I AM, OR WHAT THEY MADE ME TO BE': THE CONSTRUCTION OF THE FEMININE SUBJECT IN THE AUTOBIOGRAPHIES OF MARY CARLETON</subfield>
		</datafield>
		<datafield tag="505" ind1="8" ind2=" ">
			<subfield code="a">WHORES' RHETORIC AND THE MAPS OF LOVE: CONSTRUCTING THE FEMININE IN RESTORATION EROTICAMANL(E)Y FORMS: SEX AND THE FEMALE SATIRIST; SPEAKING OF WOMEN: SCANDAL AND THE LAW IN THE MID-EIGHTEENTH CENTURY; Bibliography; Index</subfield>
		</datafield>
		<datafield tag="520" ind1=" " ind2=" ">
			<subfield code="a">First published in 1992. Routledge is an imprint of Taylor &amp; Francis, an informa company.</subfield>
		</datafield>
		<datafield tag="546" ind1=" " ind2=" ">
			<subfield code="a">English</subfield>
		</datafield>
		<datafield tag="504" ind1=" " ind2=" ">
			<subfield code="a">Includes bibliographical references (p. 271-287) and index.</subfield>
		</datafield>
		<datafield tag="650" ind1=" " ind2="0">
			<subfield code="a">English literature</subfield>
			<subfield code="x">Women authors</subfield>
			<subfield code="x">History and criticism.</subfield>
		</datafield>
		<datafield tag="650" ind1=" " ind2="0">
			<subfield code="a">English literature</subfield>
			<subfield code="y">18th century</subfield>
			<subfield code="x">History and criticism.</subfield>
		</datafield>
		<datafield tag="650" ind1=" " ind2="0">
			<subfield code="a">English literature</subfield>
			<subfield code="y">Early modern, 1500-1700</subfield>
			<subfield code="x">History and criticism.</subfield>
		</datafield>
		<datafield tag="650" ind1=" " ind2="0">
			<subfield code="a">Women and literature</subfield>
			<subfield code="z">England.</subfield>
		</datafield>
		<datafield tag="655" ind1=" " ind2="4">
			<subfield code="a">Electronic books.</subfield>
		</datafield>
		<datafield tag="700" ind1="1" ind2=" ">
			<subfield code="a">Brant, Clare,</subfield>
			<subfield code="d">1960-</subfield>
		</datafield>
		<datafield tag="700" ind1="1" ind2=" ">
			<subfield code="a">Purkiss, Diane,</subfield>
			<subfield code="d">1961-</subfield>
		</datafield>
		<datafield tag="776" ind1=" " ind2=" ">
			<subfield code="z">0-415-05370-6</subfield>
		</datafield>
		<datafield tag="776" ind1=" " ind2=" ">
			<subfield code="z">0-203-37600-5</subfield>
		</datafield>
		<datafield tag="906" ind1=" " ind2=" ">
			<subfield code="a">BOOK</subfield>
		</datafield>
	</record>