
	<record>
		<leader>02680nam a22006253u 4500</leader>
		<controlfield tag="001">991001070167704574</controlfield>
		<controlfield tag="005">20170918185801.0</controlfield>
		<controlfield tag="006">m        d        </controlfield>
		<controlfield tag="007">cr -n---------</controlfield>
		<controlfield tag="008">130418s1992|||||||     s|||||||||||eng|d</controlfield>
		<datafield tag="020" ind1=" " ind2=" ">
			<subfield code="a">1-134-88288-2</subfield>
		</datafield>
		<datafield tag="020" ind1=" " ind2=" ">
			<subfield code="a">1-138-13168-7</subfield>
		</datafield>
		<datafield tag="020" ind1=" " ind2=" ">
			<subfield code="a">1-280-07375-6</subfield>
		</datafield>
		<datafield tag="020" ind1=" " ind2=" ">
			<subfield code="a">0-203-40150-6</subfield>
		</datafield>
		<datafield tag="035" ind1=" " ind2=" ">
			<subfield code="a">(CKB)1000000000254531</subfield>
		</datafield>
		<datafield tag="035" ind1=" " ind2=" ">
			<subfield code="a">(EBL)179371</subfield>
		</datafield>
		<datafield tag="035" ind1=" " ind2=" ">
			<subfield code="a">(OCoLC)560258373</subfield>
		</datafield>
		<datafield tag="035" ind1=" " ind2=" ">
			<subfield code="a">(SSID)ssj0000070997</subfield>
		</datafield>
		<datafield tag="035" ind1=" " ind2=" ">
			<subfield code="a">(PQKBManifestationID)11109552</subfield>
		</datafield>
		<datafield tag="035" ind1=" " ind2=" ">
			<subfield code="a">(PQKBTitleCode)TC0000070997</subfield>
		</datafield>
		<datafield tag="035" ind1=" " ind2=" ">
			<subfield code="a">(PQKBWorkID)10071124</subfield>
		</datafield>
		<datafield tag="035" ind1=" " ind2=" ">
			<subfield code="a">(PQKB)10284696</subfield>
		</datafield>
		<datafield tag="035" ind1=" " ind2=" ">
			<subfield code="a">(EXLCZ)991000000000254531</subfield>
		</datafield>
		<datafield tag="040" ind1=" " ind2=" ">
			<subfield code="a">AU-PeEL</subfield>
			<subfield code="b">eng</subfield>
			<subfield code="c">AU-PeEL</subfield>
			<subfield code="d">AU-PeEL</subfield>
		</datafield>
		<datafield tag="041" ind1=" " ind2=" ">
			<subfield code="a">eng</subfield>
		</datafield>
		<datafield tag="050" ind1=" " ind2="4">
			<subfield code="a">PR539.S7S6</subfield>
		</datafield>
		<datafield tag="050" ind1=" " ind2="4">
			<subfield code="a">PR539.S7S65 1992eb</subfield>
		</datafield>
		<datafield tag="082" ind1="0" ind2="0">
			<subfield code="a">809.1</subfield>
			<subfield code="a">821/.04209</subfield>
		</datafield>
		<datafield tag="100" ind1="1" ind2=" ">
			<subfield code="a">Spiller, Michael R. G.</subfield>
		</datafield>
		<datafield tag="245" ind1="1" ind2="4">
			<subfield code="a">The Development of the Sonnet</subfield>
			<subfield code="h">[electronic resource] :</subfield>
			<subfield code="b">An Introduction</subfield>
		</datafield>
		<datafield tag="260" ind1=" " ind2=" ">
			<subfield code="a">Hoboken :</subfield>
			<subfield code="b">Taylor and Francis,</subfield>
			<subfield code="c">1992.</subfield>
		</datafield>
		<datafield tag="300" ind1=" " ind2=" ">
			<subfield code="a">1 online resource (255 p.)</subfield>
		</datafield>
		<datafield tag="336" ind1=" " ind2=" ">
			<subfield code="a">text</subfield>
			<subfield code="b">txt</subfield>
		</datafield>
		<datafield tag="337" ind1=" " ind2=" ">
			<subfield code="a">computer</subfield>
			<subfield code="b">c</subfield>
		</datafield>
		<datafield tag="338" ind1=" " ind2=" ">
			<subfield code="a">online resource</subfield>
			<subfield code="b">cr</subfield>
		</datafield>
		<datafield tag="500" ind1=" " ind2=" ">
			<subfield code="a">Description based upon print version of record.</subfield>
		</datafield>
		<datafield tag="505" ind1="0" ind2=" ">
			<subfield code="a">Book Cover; Title; Contents; Preface; THE SONNET AND ITS SPACE; SICILIANS AND CITIZENS: THE EARLY SONNET; 'MAKING THE AIR TREMBLE WITH CLARITY': THE STILNOVISTI; PETRARCH: 'THE GOOD WEAVER OF LOVE VERSES'; THE FORTUNATE ISLES: THE SONNET MOVES ABROAD; WYATT, SURREY AND THEIR LEGACY; 'I AM NOT I': THE SONNETS OF SIDNEY; THE ELIZABETHAN SONNET VOGUE AND SPENSER; 'THEE (MY SELFE)': THE SONNETS OF SHAKESPEARE; THE SEVENTEENTH CENTURY: HERBERT, DRUMMOND AND MILTON; PUBLICATION DATES OF BRITISH SONNET SEQUENCES; Notes; Bibliography; Index</subfield>
		</datafield>
		<datafield tag="520" ind1=" " ind2=" ">
			<subfield code="a">Traces the development of the sonnet from its invention in the early Italian Renaissance to the time of John Milton, showing how the form has developed and acquired the capacity to express lyrically the nature of the desiring self.</subfield>
		</datafield>
		<datafield tag="546" ind1=" " ind2=" ">
			<subfield code="a">English</subfield>
		</datafield>
		<datafield tag="650" ind1=" " ind2="4">
			<subfield code="a">English poetry.</subfield>
		</datafield>
		<datafield tag="650" ind1=" " ind2="4">
			<subfield code="a">Sonnet.</subfield>
		</datafield>
		<datafield tag="650" ind1=" " ind2="4">
			<subfield code="a">Sonnets, English.</subfield>
		</datafield>
		<datafield tag="655" ind1=" " ind2="0">
			<subfield code="a">Electronic books.</subfield>
		</datafield>
		<datafield tag="650" ind1=" " ind2="0">
			<subfield code="a">English poetry</subfield>
			<subfield code="x">History and criticism</subfield>
			<subfield code="y">Early modern, 1500-1700</subfield>
		</datafield>
		<datafield tag="650" ind1=" " ind2="0">
			<subfield code="a">Sonnets, English</subfield>
			<subfield code="x">History and criticism</subfield>
		</datafield>
		<datafield tag="650" ind1=" " ind2="0">
			<subfield code="a">Sonnets, English</subfield>
			<subfield code="x">Italian influences</subfield>
		</datafield>
		<datafield tag="650" ind1=" " ind2="0">
			<subfield code="a">Sonnet</subfield>
		</datafield>
		<datafield tag="650" ind1=" " ind2="7">
			<subfield code="a">English</subfield>
			<subfield code="2">HILCC</subfield>
		</datafield>
		<datafield tag="650" ind1=" " ind2="7">
			<subfield code="a">Languages &amp; Literatures</subfield>
			<subfield code="2">HILCC</subfield>
		</datafield>
		<datafield tag="650" ind1=" " ind2="7">
			<subfield code="a">English Literature</subfield>
			<subfield code="2">HILCC</subfield>
		</datafield>
		<datafield tag="776" ind1=" " ind2=" ">
			<subfield code="z">0-203-40184-0</subfield>
		</datafield>
		<datafield tag="776" ind1=" " ind2=" ">
			<subfield code="z">0-415-08741-4</subfield>
		</datafield>
		<datafield tag="906" ind1=" " ind2=" ">
			<subfield code="a">BOOK</subfield>
		</datafield>
	</record>