
	<record>
		<leader>04829nam  2200589Ia 4500</leader>
		<controlfield tag="001">991001070193004574</controlfield>
		<controlfield tag="005">20201021193857.0</controlfield>
		<controlfield tag="006">m     o  d |      </controlfield>
		<controlfield tag="008">080604s1972    enk     o     000 0 eng d</controlfield>
		<datafield tag="020" ind1=" " ind2=" ">
			<subfield code="a">1-84718-615-7</subfield>
		</datafield>
		<datafield tag="020" ind1=" " ind2=" ">
			<subfield code="a">1-280-32494-5</subfield>
		</datafield>
		<datafield tag="020" ind1=" " ind2=" ">
			<subfield code="a">1-134-72419-5</subfield>
		</datafield>
		<datafield tag="020" ind1=" " ind2=" ">
			<subfield code="a">9786610324941</subfield>
		</datafield>
		<datafield tag="020" ind1=" " ind2=" ">
			<subfield code="a">0-203-27495-4</subfield>
		</datafield>
		<datafield tag="020" ind1=" " ind2=" ">
			<subfield code="a">0-203-19647-3</subfield>
		</datafield>
		<datafield tag="035" ind1=" " ind2=" ">
			<subfield code="a">(CKB)1000000000250486</subfield>
		</datafield>
		<datafield tag="035" ind1=" " ind2=" ">
			<subfield code="a">(EBL)179700</subfield>
		</datafield>
		<datafield tag="035" ind1=" " ind2=" ">
			<subfield code="a">(OCoLC)179164621</subfield>
		</datafield>
		<datafield tag="035" ind1=" " ind2=" ">
			<subfield code="a">(SSID)ssj0000281299</subfield>
		</datafield>
		<datafield tag="035" ind1=" " ind2=" ">
			<subfield code="a">(PQKBManifestationID)12096957</subfield>
		</datafield>
		<datafield tag="035" ind1=" " ind2=" ">
			<subfield code="a">(PQKBTitleCode)TC0000281299</subfield>
		</datafield>
		<datafield tag="035" ind1=" " ind2=" ">
			<subfield code="a">(PQKBWorkID)10306449</subfield>
		</datafield>
		<datafield tag="035" ind1=" " ind2=" ">
			<subfield code="a">(PQKB)10005896</subfield>
		</datafield>
		<datafield tag="035" ind1=" " ind2=" ">
			<subfield code="a">(MiAaPQ)EBC179700</subfield>
		</datafield>
		<datafield tag="035" ind1=" " ind2=" ">
			<subfield code="a">(EXLCZ)991000000000250486</subfield>
		</datafield>
		<datafield tag="040" ind1=" " ind2=" ">
			<subfield code="a">MiAaPQ</subfield>
			<subfield code="c">MiAaPQ</subfield>
			<subfield code="d">MiAaPQ</subfield>
		</datafield>
		<datafield tag="041" ind1=" " ind2=" ">
			<subfield code="a">eng</subfield>
		</datafield>
		<datafield tag="050" ind1=" " ind2="4">
			<subfield code="a">PR5777</subfield>
			<subfield code="b">.P37 1972</subfield>
		</datafield>
		<datafield tag="082" ind1="0" ind2="0">
			<subfield code="a">823.912</subfield>
			<subfield code="a">823/.914</subfield>
		</datafield>
		<datafield tag="245" ind1="0" ind2="0">
			<subfield code="a">H.G. Wells</subfield>
			<subfield code="h">[electronic resource] /</subfield>
			<subfield code="c">edited by Patrick Parrinder.</subfield>
		</datafield>
		<datafield tag="260" ind1=" " ind2=" ">
			<subfield code="a">London :</subfield>
			<subfield code="b">Routledge and Kegan Paul,</subfield>
			<subfield code="c">1972.</subfield>
		</datafield>
		<datafield tag="300" ind1=" " ind2=" ">
			<subfield code="a">1 online resource (369 p.)</subfield>
		</datafield>
		<datafield tag="336" ind1=" " ind2=" ">
			<subfield code="a">text</subfield>
			<subfield code="b">txt</subfield>
		</datafield>
		<datafield tag="337" ind1=" " ind2=" ">
			<subfield code="a">computer</subfield>
			<subfield code="b">c</subfield>
		</datafield>
		<datafield tag="338" ind1=" " ind2=" ">
			<subfield code="a">online resource</subfield>
			<subfield code="b">cr</subfield>
		</datafield>
		<datafield tag="490" ind1="1" ind2=" ">
			<subfield code="a">The critical heritage series</subfield>
		</datafield>
		<datafield tag="500" ind1=" " ind2=" ">
			<subfield code="a">Description based upon print version of record.</subfield>
		</datafield>
		<datafield tag="505" ind1="0" ind2=" ">
			<subfield code="a">Cover; H. G. Wells: The Critical Heritage; Copyright; General Editor's Preface; Contents; Preface; Acknowledgments; Introduction; Note on the Text; The Time Machine (]uly 1895); 1. Unsigned Notice, 'a Man of Genius', Review of Reviews, March 1895; 2. R. H. Hutton, Unsigned Review in Spectator, July 1895; 3. Unsigned Review, Daily Chronicle, July 1895; 4. Israel Zangwill, Article in Pall Mall Magazine, September 1895; The Island of Doctor Moreau (april 1896); 5. Chalmers Mitchell, Review in Saturday Review, April 1896; 6. R. H. Hutton, Unsigned Review in Spectator, April 1896</subfield>
		</datafield>
		<datafield tag="505" ind1="8" ind2=" ">
			<subfield code="a">7. Unsigned Review, Manchester Guardian, April 18968. Unsigned Review, Speaker, April 1896; 9. Basil Williams, Unsigned Review in Athenaeum, May 1896; 10. Unsigned Review, Guardian, June 1896; 11. Augustin Filon, Article in Revue Des Deux Mondes, December 1904; The Plattner Story and Others (may 1897); 12. Basil Williams, Unsigned Review in Athenaeum, June 1897; The Invisible Man (September 1897); 13. Clement Shorter, Review in Bookman, October 1897; 14. Joseph Conrad, Letter to Wells, December 1898; 15. W. T. Stead, Article in Review of Reviews, April 1898</subfield>
		</datafield>
		<datafield tag="505" ind1="8" ind2=" ">
			<subfield code="a">The War of the Worlds (january 1898)16. St Loe Strachey, Unsigned Review in Spectator, January 1898; 17. Basil Williams, Unsigned Review in Athenaeum, February 1898; 18. Unsigned Review, Critic, April 1898; 19. Unsigned Review, Academy, January 1898; 20. R. A. Gregory, Review in Nature, February 1898; 21. H. G. Wells on Reviewers in the 1890's, Experiment in Autobiography, 1934; Love and Mr. Lewisham (June 1900); 22. Unsigned Review, Daily Telegraph, June 1900; 23. Unsigned Review, Daily Chronicle, June 1900; 24. Unsigned Review, Saturday Review, June 1900</subfield>
		</datafield>
		<datafield tag="505" ind1="8" ind2=" ">
			<subfield code="a">25. Unsigned Review, Speaker, June 1900 Anticipations (November 1901) and Mankind in the Making (September 1903); 26. Unsigned Review, Westminster Gazette, November 1901; 27. Beatrice Webb, Diary Entry, December 1901; 28. Unsigned Notice, Literary World, August 1902; 29. Unsigned Review of Mankind in the Making, Academy and Literature, September 1903; 30. Havelock Ellis, Review in Weekly Critical Review, February 1904; Early French Responses (1901-3); 31. Henri Gheon, Review in L'ermitage, December 1901; 32. Augustin Filon, Review in Journal Des Debats, March 1902</subfield>
		</datafield>
		<datafield tag="505" ind1="8" ind2=" ">
			<subfield code="a">33. Jules Verne, Interview, T.p.'s Weekly, October 1903 The Food of the Gods (September 1904); 34. G. K. Chesterton, Article in Heretics, 1905; A Modern Utopia April 1905; 35. Sydney Olivier, Review in Fabian News August 1905; 36. R. Mayor, Review in Independent Review, October 1905; 37. T. H. Warren, Unsigned Review in Spectator, October 1905; Kipps October 1905; 38. C. F. G. Masterman, Review in Daily News October 1905; 39. Henry James, Letter to Wells, November 1905; 40. William Morton Payne, Review in Dial, January 1906</subfield>
		</datafield>
		<datafield tag="505" ind1="8" ind2=" ">
			<subfield code="a">41. William Dean Ho Wells , Review in North American Review, October 1906</subfield>
		</datafield>
		<datafield tag="520" ind1=" " ind2=" ">
			<subfield code="a">This set comprises 40 volumes covering 19th and 20th century European and American authors.  These volumes will be available as a complete set, mini boxed sets (by theme) or as individual volumes.  This second set complements the first 68 volume set of Critical Heritage  published by Routledge in October 1995.</subfield>
		</datafield>
		<datafield tag="546" ind1=" " ind2=" ">
			<subfield code="a">English</subfield>
		</datafield>
		<datafield tag="600" ind1="1" ind2="0">
			<subfield code="a">Wells, H. G.</subfield>
			<subfield code="q">(Herbert George),</subfield>
			<subfield code="d">1866-1946.</subfield>
		</datafield>
		<datafield tag="650" ind1=" " ind2="0">
			<subfield code="a">English literature</subfield>
			<subfield code="y">19th century.</subfield>
		</datafield>
		<datafield tag="655" ind1=" " ind2="4">
			<subfield code="a">Electronic books.</subfield>
		</datafield>
		<datafield tag="700" ind1="1" ind2=" ">
			<subfield code="a">Parrinder, Patrick,</subfield>
			<subfield code="d">1944-</subfield>
		</datafield>
		<datafield tag="776" ind1=" " ind2=" ">
			<subfield code="z">0-415-85205-6</subfield>
		</datafield>
		<datafield tag="776" ind1=" " ind2=" ">
			<subfield code="z">0-415-15910-5</subfield>
		</datafield>
		<datafield tag="830" ind1=" " ind2="0">
			<subfield code="a">Critical heritage series.</subfield>
		</datafield>
		<datafield tag="906" ind1=" " ind2=" ">
			<subfield code="a">BOOK</subfield>
		</datafield>
	</record>