
	<record>
		<leader>04760nam  2200565Ia 4500</leader>
		<controlfield tag="001">991001070197204574</controlfield>
		<controlfield tag="005">20190716221636.0</controlfield>
		<controlfield tag="006">m     o  d |      </controlfield>
		<controlfield tag="008">080604s1971    enk     ob    001 0beng d</controlfield>
		<datafield tag="020" ind1=" " ind2=" ">
			<subfield code="a">1-84664-622-7</subfield>
		</datafield>
		<datafield tag="020" ind1=" " ind2=" ">
			<subfield code="a">1-280-32527-5</subfield>
		</datafield>
		<datafield tag="020" ind1=" " ind2=" ">
			<subfield code="a">0-203-19931-6</subfield>
		</datafield>
		<datafield tag="035" ind1=" " ind2=" ">
			<subfield code="a">(CKB)1000000000250275</subfield>
		</datafield>
		<datafield tag="035" ind1=" " ind2=" ">
			<subfield code="a">(EBL)179696</subfield>
		</datafield>
		<datafield tag="035" ind1=" " ind2=" ">
			<subfield code="a">(OCoLC)144618593</subfield>
		</datafield>
		<datafield tag="035" ind1=" " ind2=" ">
			<subfield code="a">(SSID)ssj0000071048</subfield>
		</datafield>
		<datafield tag="035" ind1=" " ind2=" ">
			<subfield code="a">(PQKBManifestationID)11111741</subfield>
		</datafield>
		<datafield tag="035" ind1=" " ind2=" ">
			<subfield code="a">(PQKBTitleCode)TC0000071048</subfield>
		</datafield>
		<datafield tag="035" ind1=" " ind2=" ">
			<subfield code="a">(PQKBWorkID)10070041</subfield>
		</datafield>
		<datafield tag="035" ind1=" " ind2=" ">
			<subfield code="a">(PQKB)11471318</subfield>
		</datafield>
		<datafield tag="035" ind1=" " ind2=" ">
			<subfield code="a">(MiAaPQ)EBC179696</subfield>
		</datafield>
		<datafield tag="035" ind1=" " ind2=" ">
			<subfield code="a">(EXLCZ)991000000000250275</subfield>
		</datafield>
		<datafield tag="040" ind1=" " ind2=" ">
			<subfield code="a">MiAaPQ</subfield>
			<subfield code="c">MiAaPQ</subfield>
			<subfield code="d">MiAaPQ</subfield>
		</datafield>
		<datafield tag="041" ind1=" " ind2=" ">
			<subfield code="a">eng</subfield>
		</datafield>
		<datafield tag="050" ind1=" " ind2="4">
			<subfield code="a">PR5013</subfield>
			<subfield code="b">.G46 1971</subfield>
		</datafield>
		<datafield tag="082" ind1="0" ind2="0">
			<subfield code="a">823.8</subfield>
			<subfield code="a">823/.8</subfield>
		</datafield>
		<datafield tag="245" ind1="0" ind2="0">
			<subfield code="a">George Meredith</subfield>
			<subfield code="h">[electronic resource] /</subfield>
			<subfield code="c">edited by Ioan Williams.</subfield>
		</datafield>
		<datafield tag="260" ind1=" " ind2=" ">
			<subfield code="a">London :</subfield>
			<subfield code="b">H. Hamilton,</subfield>
			<subfield code="c">1971.</subfield>
		</datafield>
		<datafield tag="300" ind1=" " ind2=" ">
			<subfield code="a">1 online resource (550 p.)</subfield>
		</datafield>
		<datafield tag="336" ind1=" " ind2=" ">
			<subfield code="a">text</subfield>
			<subfield code="b">txt</subfield>
			<subfield code="2">rdacontent</subfield>
		</datafield>
		<datafield tag="337" ind1=" " ind2=" ">
			<subfield code="a">computer</subfield>
			<subfield code="b">c</subfield>
			<subfield code="2">rdamedia</subfield>
		</datafield>
		<datafield tag="338" ind1=" " ind2=" ">
			<subfield code="a">online resource</subfield>
			<subfield code="b">cr</subfield>
			<subfield code="2">rdacarrier</subfield>
		</datafield>
		<datafield tag="490" ind1="1" ind2=" ">
			<subfield code="a">The critical heritage series</subfield>
		</datafield>
		<datafield tag="500" ind1=" " ind2=" ">
			<subfield code="a">Description based upon print version of record.</subfield>
		</datafield>
		<datafield tag="505" ind1="0" ind2=" ">
			<subfield code="a">Cover; George Meredith: The Critical Heritage; Copyright; General Editor's Preface; Contents; Note on the Text and Acknowledgments; Introduction; Notes; List of George Meredith's Publications; Poems (1851); 1.Unsigned Review, Leader, 5 July 1851; 2. Unsigned Review, Spectator, 22 August 1851; 3. J. A. Heraud, Athenaeum, 23 August 1851; 4. W. M. Rossetti, Critic, 5 November 1851; 5. Charles Kingsley, Fraser Smagazine, December 1851; The Shaving of Shagpat (1856); 6. Unsigned Review, Critic, 1 January 1856; 7. George Eliot, Leader, 5 January 1856</subfield>
		</datafield>
		<datafield tag="505" ind1="8" ind2=" ">
			<subfield code="a">8. G. H. Lewes, Saturday Review, 19 January 18569. Unsigned Review, Idler, March 1856; 10. George Eliot, Westminster Review, April 1856; 11. From an Unsigned Review, New Quarterly Review, April 1856; Farina (1857); 12. Unsigned Review, Spectator, 22 August 1857; 13. Unsigned Review, Saturday Review, 29 August 1857; 14. Unsigned Notice, Critic, 1 September 1857; 15. George Meredith, Westminster Review, October 1857; 16. From a Review by H. F. Chorley, Athenaeum, 28 November 1857; The Ordeal of Richard Feverel; 17. Unsigned Review, Leader, 2 July 1859; 18. Unsigned Review, Critic, 2 July 1859</subfield>
		</datafield>
		<datafield tag="505" ind1="8" ind2=" ">
			<subfield code="a">19. G. E. Jewsbury, Athenaeum, 9 July 185920. Unsigned Review, Spectator, 9 July 1859; 21. Unsigned Review, Saturday Review, 9 July 1859; 22. Unsigned Review, Illustrated London News, 13 August 1859; 23. Samuel Lucas, the Times, 14 October 1859; 24. Unsigned Review, Westminster Review, October 1859; Evan Harrington (1861); 25. Unsigned Review, Spectator, 19 January 1861; 26. Unsigned Review, Saturday Review, 19 January 1861; Modern Love and Other Poems (1862); 27. R. H. Hutton, Spectator, 24 May 1862; 28. A. C. Swinburne, Reply to Hutton, Spectator, 24 May 1862</subfield>
		</datafield>
		<datafield tag="505" ind1="8" ind2=" ">
			<subfield code="a">29. J. W. Marston, Athenaeum, 31 May 186230. Unsigned Review, Saturday Review, 24 October 1863; Sandra Belloni (1864); 31. Richard Garnett:, Reader, 23 April 1864; 32. G. E. Jewsbury, Athenaeum, 30 April 1864; 33. Mrs Hardman, Saturday Review, 28 May 1864; 34. Unsigned Review, Westminster Re View, July 1864; 35. Unsigned Review, Examiner, 23 July 1864; 36. Justin M'carthy, an Early Appreciation, 1864; Rhoda Fleming (1865); 37. J. C. Jeaffreson, Athenaeum, 14 October 1865; 38. Unsigned Review, Saturday Review, 14 October 1865; 39. Unsigned Review, Westminster Review, January 1866</subfield>
		</datafield>
		<datafield tag="505" ind1="8" ind2=" ">
			<subfield code="a">Vittoria 186740. Unsigned Review, Saturday Review, 2 February 1867; 41. G. E. Jewsbury, Athenaeum, 23 February 1867; The Adventures of Harry Richmond (1871); 42. A. J . Butler, Athenaeum, 4 November 1871; 43. Unsigned Review, Examiner, 11 November 1871; 44. R. H. Hutton, Spectator, 20 January 1872; 45. Unsigned Review, Westminster Review, January 1872; 46. Unsigned Notice, Vanity Fair, 23 March 1872; 47. Margaret Oliphant, Blackwood's Edinburgh Magazine, June 1872; Beauchamps Career (1876); 48. A. J . Butler, Athenaeum, 1 January 1876; 49. G. B. S., Examiner, 8 January 1876</subfield>
		</datafield>
		<datafield tag="505" ind1="8" ind2=" ">
			<subfield code="a">50. A. 1. Shand, the Times, 8 January 1876</subfield>
		</datafield>
		<datafield tag="520" ind1=" " ind2=" ">
			<subfield code="a">The Critical Heritage gathers together a large body of critical sources on major figures in literature. Each volume presents contemporary responses to a writer's work, enabling the student and researcher to read the material themselves.</subfield>
		</datafield>
		<datafield tag="546" ind1=" " ind2=" ">
			<subfield code="a">English</subfield>
		</datafield>
		<datafield tag="504" ind1=" " ind2=" ">
			<subfield code="a">Includes bibliography and index.</subfield>
		</datafield>
		<datafield tag="600" ind1="1" ind2="0">
			<subfield code="a">Meredith, George,</subfield>
			<subfield code="d">1828-1909.</subfield>
		</datafield>
		<datafield tag="650" ind1=" " ind2="0">
			<subfield code="a">Authors, English</subfield>
			<subfield code="y">19th century</subfield>
			<subfield code="v">Biography.</subfield>
		</datafield>
		<datafield tag="655" ind1=" " ind2="4">
			<subfield code="a">Electronic books.</subfield>
		</datafield>
		<datafield tag="700" ind1="1" ind2=" ">
			<subfield code="a">Williams, Ioan M.</subfield>
		</datafield>
		<datafield tag="776" ind1=" " ind2=" ">
			<subfield code="z">0-415-75678-2</subfield>
		</datafield>
		<datafield tag="776" ind1=" " ind2=" ">
			<subfield code="z">0-415-13465-X</subfield>
		</datafield>
		<datafield tag="830" ind1=" " ind2="0">
			<subfield code="a">Critical heritage series.</subfield>
		</datafield>
		<datafield tag="906" ind1=" " ind2=" ">
			<subfield code="a">BOOK</subfield>
		</datafield>
	</record>