
	<record>
		<leader>01028nam a2200289Ia 4500</leader>
		<controlfield tag="001">991001070199504574</controlfield>
		<controlfield tag="005">20170815124058.0</controlfield>
		<controlfield tag="006">m     o  d |      </controlfield>
		<controlfield tag="007">cr -n---------</controlfield>
		<controlfield tag="008">940718s1995    enka    ob    001 0 eng d</controlfield>
		<datafield tag="010" ind1=" " ind2=" ">
			<subfield code="z">   94030485 </subfield>
		</datafield>
		<datafield tag="015" ind1=" " ind2=" ">
			<subfield code="a">GB95-50586</subfield>
		</datafield>
		<datafield tag="020" ind1=" " ind2=" ">
			<subfield code="a">0-203-35824-4</subfield>
		</datafield>
		<datafield tag="020" ind1=" " ind2=" ">
			<subfield code="a">1-134-84333-X</subfield>
		</datafield>
		<datafield tag="020" ind1=" " ind2=" ">
			<subfield code="a">1-280-06170-7</subfield>
		</datafield>
		<datafield tag="020" ind1=" " ind2=" ">
			<subfield code="a">0-415-10685-0</subfield>
		</datafield>
		<datafield tag="035" ind1=" " ind2=" ">
			<subfield code="a">(CKB)1000000000256191</subfield>
		</datafield>
		<datafield tag="035" ind1=" " ind2=" ">
			<subfield code="a">(EBL)179494</subfield>
		</datafield>
		<datafield tag="035" ind1=" " ind2=" ">
			<subfield code="a">(OCoLC)54666772</subfield>
		</datafield>
		<datafield tag="035" ind1=" " ind2=" ">
			<subfield code="a">(SSID)ssj0000071341</subfield>
		</datafield>
		<datafield tag="035" ind1=" " ind2=" ">
			<subfield code="a">(PQKBManifestationID)11110101</subfield>
		</datafield>
		<datafield tag="035" ind1=" " ind2=" ">
			<subfield code="a">(PQKBTitleCode)TC0000071341</subfield>
		</datafield>
		<datafield tag="035" ind1=" " ind2=" ">
			<subfield code="a">(PQKBWorkID)10089634</subfield>
		</datafield>
		<datafield tag="035" ind1=" " ind2=" ">
			<subfield code="a">(PQKB)10198702</subfield>
		</datafield>
		<datafield tag="035" ind1=" " ind2=" ">
			<subfield code="a">(MiAaPQ)EBC179494</subfield>
		</datafield>
		<datafield tag="035" ind1=" " ind2=" ">
			<subfield code="a">(EXLCZ)991000000000256191</subfield>
		</datafield>
		<datafield tag="040" ind1=" " ind2=" ">
			<subfield code="a">MiAaPQ</subfield>
			<subfield code="c">MiAaPQ</subfield>
			<subfield code="d">MiAaPQ</subfield>
		</datafield>
		<datafield tag="041" ind1=" " ind2=" ">
			<subfield code="a">eng</subfield>
		</datafield>
		<datafield tag="050" ind1=" " ind2="4">
			<subfield code="a">PN682.W6</subfield>
			<subfield code="b">L37 1995</subfield>
		</datafield>
		<datafield tag="082" ind1="0" ind2="0">
			<subfield code="a">809.89287</subfield>
			<subfield code="a">809/.89287/0902</subfield>
		</datafield>
		<datafield tag="100" ind1="1" ind2=" ">
			<subfield code="a">Larrington, Carolyne.</subfield>
		</datafield>
		<datafield tag="245" ind1="1" ind2="0">
			<subfield code="a">Women and writing in medieval Europe</subfield>
			<subfield code="h">[electronic resource] :</subfield>
			<subfield code="b">a sourcebook /</subfield>
			<subfield code="c">Carolyne Larrington.</subfield>
		</datafield>
		<datafield tag="260" ind1=" " ind2=" ">
			<subfield code="a">London ;</subfield>
			<subfield code="a">New York :</subfield>
			<subfield code="b">Routledge,</subfield>
			<subfield code="c">1995.</subfield>
		</datafield>
		<datafield tag="300" ind1=" " ind2=" ">
			<subfield code="a">1 online resource (296 p.)</subfield>
		</datafield>
		<datafield tag="336" ind1=" " ind2=" ">
			<subfield code="a">text</subfield>
			<subfield code="b">txt</subfield>
		</datafield>
		<datafield tag="337" ind1=" " ind2=" ">
			<subfield code="a">computer</subfield>
			<subfield code="b">c</subfield>
		</datafield>
		<datafield tag="338" ind1=" " ind2=" ">
			<subfield code="a">online resource</subfield>
			<subfield code="b">cr</subfield>
		</datafield>
		<datafield tag="500" ind1=" " ind2=" ">
			<subfield code="a">Description based upon print version of record.</subfield>
		</datafield>
		<datafield tag="505" ind1="0" ind2=" ">
			<subfield code="a">BOOK COVER; HALF-TITLE; TITLE; COPYRIGHT; DEDICATION; CONTENTS; ILLUSTRATIONS; ACKNOWLEDGEMENTS; INTRODUCTION; 1 MARRIAGE; 2 LOVE, SEX AND FRIENDSHIP; 3 MOTHERHOOD AND WORK; 4 WOMEN AND CHRISTIANITY; 5 WOMEN AND POWER; 6 EDUCATION AND KNOWLEDGE; 7 WOMEN AND THE ARTS; BIBLIOGRAPHY; INDEX</subfield>
		</datafield>
		<datafield tag="520" ind1=" " ind2=" ">
			<subfield code="a">Carolyne Larrington has gathered together a uniquely comprehensive collection of writing by, for and about medieval women, spanning one thousand years and Europe from Iceland to Byzantiu. The extracts are arranged thematically, dealing with the central areas of medieval women's lives and their relation to social and cultural institutions. Each section is contextualised with a brief historical introduction, and the materials span literary, historical, theological and other narrative and imaginative writing. The writings here uncover and confound the stereotype of the medieval woman as lady or v</subfield>
		</datafield>
		<datafield tag="546" ind1=" " ind2=" ">
			<subfield code="a">English</subfield>
		</datafield>
		<datafield tag="504" ind1=" " ind2=" ">
			<subfield code="a">Includes bibliographical references and index.</subfield>
		</datafield>
		<datafield tag="650" ind1=" " ind2="0">
			<subfield code="a">Literature, Medieval</subfield>
			<subfield code="x">History and criticism.</subfield>
		</datafield>
		<datafield tag="650" ind1=" " ind2="0">
			<subfield code="a">Women in literature.</subfield>
		</datafield>
		<datafield tag="655" ind1=" " ind2="4">
			<subfield code="a">Electronic books.</subfield>
		</datafield>
		<datafield tag="776" ind1=" " ind2=" ">
			<subfield code="z">0-203-28807-6</subfield>
		</datafield>
		<datafield tag="776" ind1=" " ind2=" ">
			<subfield code="z">0-415-10684-2</subfield>
		</datafield>
		<datafield tag="906" ind1=" " ind2=" ">
			<subfield code="a">BOOK</subfield>
		</datafield>
	</record>