
	<record>
		<leader>01008nam  2200289Ia 4500</leader>
		<controlfield tag="001">991001070211104574</controlfield>
		<controlfield tag="005">20180420185553.0</controlfield>
		<controlfield tag="006">m     o  d |      </controlfield>
		<controlfield tag="007">cr#-n---------</controlfield>
		<controlfield tag="008">080604s1970    enk     ob    000 0 eng d</controlfield>
		<datafield tag="010" ind1=" " ind2=" ">
			<subfield code="z">   72515319 </subfield>
		</datafield>
		<datafield tag="020" ind1=" " ind2=" ">
			<subfield code="a">1-134-72383-0</subfield>
		</datafield>
		<datafield tag="020" ind1=" " ind2=" ">
			<subfield code="a">1-134-72384-9</subfield>
		</datafield>
		<datafield tag="020" ind1=" " ind2=" ">
			<subfield code="a">1-280-32675-1</subfield>
		</datafield>
		<datafield tag="020" ind1=" " ind2=" ">
			<subfield code="a">0-203-19511-6</subfield>
		</datafield>
		<datafield tag="035" ind1=" " ind2=" ">
			<subfield code="a">(CKB)1000000000249033</subfield>
		</datafield>
		<datafield tag="035" ind1=" " ind2=" ">
			<subfield code="a">(EBL)168701</subfield>
		</datafield>
		<datafield tag="035" ind1=" " ind2=" ">
			<subfield code="a">(OCoLC)475875949</subfield>
		</datafield>
		<datafield tag="035" ind1=" " ind2=" ">
			<subfield code="a">(SSID)ssj0000281943</subfield>
		</datafield>
		<datafield tag="035" ind1=" " ind2=" ">
			<subfield code="a">(PQKBManifestationID)11213655</subfield>
		</datafield>
		<datafield tag="035" ind1=" " ind2=" ">
			<subfield code="a">(PQKBTitleCode)TC0000281943</subfield>
		</datafield>
		<datafield tag="035" ind1=" " ind2=" ">
			<subfield code="a">(PQKBWorkID)10326483</subfield>
		</datafield>
		<datafield tag="035" ind1=" " ind2=" ">
			<subfield code="a">(PQKB)11309789</subfield>
		</datafield>
		<datafield tag="035" ind1=" " ind2=" ">
			<subfield code="a">(MiAaPQ)EBC168701</subfield>
		</datafield>
		<datafield tag="035" ind1=" " ind2=" ">
			<subfield code="a">(EXLCZ)991000000000249033</subfield>
		</datafield>
		<datafield tag="040" ind1=" " ind2=" ">
			<subfield code="a">MiAaPQ</subfield>
			<subfield code="c">MiAaPQ</subfield>
			<subfield code="d">MiAaPQ</subfield>
		</datafield>
		<datafield tag="041" ind1=" " ind2=" ">
			<subfield code="a">eng</subfield>
		</datafield>
		<datafield tag="050" ind1=" " ind2="4">
			<subfield code="a">PR6023.A93</subfield>
			<subfield code="b">Z6245 1970</subfield>
		</datafield>
		<datafield tag="082" ind1="0" ind2="0">
			<subfield code="a">150</subfield>
			<subfield code="a">823.912</subfield>
		</datafield>
		<datafield tag="245" ind1="0" ind2="0">
			<subfield code="a">D. H. Lawrence</subfield>
			<subfield code="h">[electronic resource] /</subfield>
			<subfield code="c">edited by R. P. Draper.</subfield>
		</datafield>
		<datafield tag="260" ind1=" " ind2=" ">
			<subfield code="a">London :</subfield>
			<subfield code="b">Routledge &amp; K. Paul,</subfield>
			<subfield code="c">[1970]</subfield>
		</datafield>
		<datafield tag="300" ind1=" " ind2=" ">
			<subfield code="a">1 online resource (391 p.)</subfield>
		</datafield>
		<datafield tag="336" ind1=" " ind2=" ">
			<subfield code="a">text</subfield>
			<subfield code="b">txt</subfield>
		</datafield>
		<datafield tag="337" ind1=" " ind2=" ">
			<subfield code="a">computer</subfield>
			<subfield code="b">c</subfield>
		</datafield>
		<datafield tag="338" ind1=" " ind2=" ">
			<subfield code="a">online resource</subfield>
			<subfield code="b">cr</subfield>
		</datafield>
		<datafield tag="490" ind1="1" ind2=" ">
			<subfield code="a">The Critical heritage series</subfield>
		</datafield>
		<datafield tag="500" ind1=" " ind2=" ">
			<subfield code="a">Description based upon print version of record.</subfield>
		</datafield>
		<datafield tag="505" ind1="0" ind2=" ">
			<subfield code="a">Cover; D. H. LAWRENCE: THE CRITICAL HERITAGE; Title Page; Copyright Page; Table of Contents; ACKNOWLEDGEMENTS; NOTE ON THE TEXT; ABBREVIATIONS; INTRODUCTION; 1 HENRY YOXALL on four poems, 1909; The White Peacock (1911); 2 Review in Times Literary Supplement 1911; 3 ALLAN MONKHOUSE in Manchester Guardian 1911; 4 Review in Morning Post 1911; 5 VIOLET HUNT in Daily Chronicle 1911; 6 Review in Daily News 1911; 7 HENRY SAVAGE in Academy 1911; The Trespasser (1912); 8 Review in Athenaeum 1912; 9 BASIL DE SELINCOURT in Manchester Guardian 1912; 10 Review in Morning Post 1912</subfield>
		</datafield>
		<datafield tag="505" ind1="8" ind2=" ">
			<subfield code="a">11 Review in New York Times Book Review 1912Love Poems and Others (1913); 12 EDWARD THOMAS in Bookman 1913; 13 EZRA POUND in New Freewoman 1913; 14 Review in Nation 1914; Sons and Lovers (1913); 15 Review in Standard 1913; 16 Review in Westminster Gazette 1913; 17 HAROLD MASSINGHAM in Daily Chronicle 1913; 18 Review in Saturday Review 1913; 19 LASCELLES ABERCROMBIE in Manchester Guardian 1913; 20 Review in Nation 1913; 21 LOUISE MAUNSELL FIELD in New York Times Book Review 1913; 22 ALFRED KUTTNER in New Republic 1915; The Prussian Officer (1914); 23 Review in Outlook 1914; The Rainbow (1915)</subfield>
		</datafield>
		<datafield tag="505" ind1="8" ind2=" ">
			<subfield code="a">24 Extracts from LAWRENCE'S Letters 1913-1725 Review in Standard 1915; 26 ROBERT LYND in Daily News 1915; 27 JAMES DOUGLAS in Star 1915; 28 CLEMENT SHORTER, comment in Sphere 1915; 29 H. M. SWANWICK in Manchester Guardian 1915; 30 CATHERINE CARSWELL in Glasgow Herald 1915; 31 Prosecution of The Rainbow, The Times 1915; 32 J. C. SQUIRE, discussion of suppression of The Rainbow in New Statesman 1915; 33 GALSWORTHY, letter to J. B. Pinker 1915; Amores (1916); 34 FRANCIS BICKLEY in Bookman 1916; 35 EDWARD GARNETT, 'Art and the Moralists: Mr. D. H. Lawrence's Work', Dial 1916</subfield>
		</datafield>
		<datafield tag="505" ind1="8" ind2=" ">
			<subfield code="a">Look! We Have Come Through! (1917)36 JOHN GOULD FLETCHER in Poetry (Chicago) 1918; 37 CONRAD AIKEN in Dial 1919; 38 LOUIS UNTERMEYER, 'D. H. Lawrence' 1920; 39 DOUGLAS GOLDRING, from 'The Later Work of D. H. Lawrence', Reputations 1920; The Lost Girl (1920); 40 VIRGINIA WOOLF in Times Literary Supplement 1920; 41 KATHERINE MANSFIELD on The Lost Girl 1920; 42 EDWARD GARNETT in Manchester Guardian 1920; 43 J. M. MURRY in Athenaeum 1920; 44 FRANCIS HACKETT in New Republic 1921; 45 Translation by BEN RAY REDMAN of ABEL CHEVALLEY, from Le Roman Anglais de Notre Temps (1921), 1925</subfield>
		</datafield>
		<datafield tag="505" ind1="8" ind2=" ">
			<subfield code="a">Women in Love (1920)46 JOHN MACY in New York Evening Post Literary Review 1921; 47 EVELYN SCOTT in Dial 1921; 48 Review in Saturday Westminster Gazette 1921; 49 J. M. MURRY in Nation and Athenaeum 1921; Sea and Sardinia (1921); 50 FRANCIS HACKETT in New Republic 1922; Aaron's Rod (1922); 51 J. M. MURRY in Nation and Athenaeum 1922; 52 EDWARD SHANKS in London Mercury 1922; Fantasia of the Unconscious (1922); 53 J. M. MURRY in Algemeen Handelsblad 1923; England, My England (1922); 54 Review in New York Times Book Review 1922; The Ladybird (1923); 55 Review in Times Literary Supplement 1923</subfield>
		</datafield>
		<datafield tag="505" ind1="8" ind2=" ">
			<subfield code="a">56 CHARLES MARRIOTT in Manchester Guardian 1923</subfield>
		</datafield>
		<datafield tag="520" ind1=" " ind2=" ">
			<subfield code="a">This set comprises 40 volumes covering 19th and 20th century European and American authors. These volumes will be available as a complete set, mini boxed sets (by theme) or as individual volumes.  This second set compliments the first 68 volume set of Critical Heritage  published by Routledge in October 1995.</subfield>
		</datafield>
		<datafield tag="546" ind1=" " ind2=" ">
			<subfield code="a">English</subfield>
		</datafield>
		<datafield tag="504" ind1=" " ind2=" ">
			<subfield code="a">Includes bibliography.</subfield>
		</datafield>
		<datafield tag="600" ind1="1" ind2="0">
			<subfield code="a">Lawrence, D. H.</subfield>
			<subfield code="q">(David Herbert),</subfield>
			<subfield code="d">1885-1930.</subfield>
		</datafield>
		<datafield tag="650" ind1=" " ind2="0">
			<subfield code="a">English literature</subfield>
			<subfield code="y">20th century.</subfield>
		</datafield>
		<datafield tag="655" ind1=" " ind2="4">
			<subfield code="a">Electronic books.</subfield>
		</datafield>
		<datafield tag="700" ind1="1" ind2=" ">
			<subfield code="a">Draper, Ronald P.,</subfield>
			<subfield code="d">1928-</subfield>
		</datafield>
		<datafield tag="776" ind1=" " ind2=" ">
			<subfield code="z">0-415-84558-0</subfield>
		</datafield>
		<datafield tag="776" ind1=" " ind2=" ">
			<subfield code="z">0-415-15922-9</subfield>
		</datafield>
		<datafield tag="830" ind1=" " ind2="0">
			<subfield code="a">Critical heritage series.</subfield>
		</datafield>
		<datafield tag="906" ind1=" " ind2=" ">
			<subfield code="a">BOOK</subfield>
		</datafield>
	</record>