
	<record>
		<leader>01687cam a22004094a 4500</leader>
		<controlfield tag="001">991001073443404574</controlfield>
		<controlfield tag="005">20170821163025.0</controlfield>
		<controlfield tag="006">m     o  d        </controlfield>
		<controlfield tag="007">cr -n---------</controlfield>
		<controlfield tag="008">930312s1993    alu     o      00 0 eng d</controlfield>
		<datafield tag="010" ind1=" " ind2=" ">
			<subfield code="z">   93003696 </subfield>
		</datafield>
		<datafield tag="020" ind1=" " ind2=" ">
			<subfield code="a">0-8173-8952-0</subfield>
		</datafield>
		<datafield tag="020" ind1=" " ind2=" ">
			<subfield code="a">0-585-26815-0</subfield>
		</datafield>
		<datafield tag="035" ind1=" " ind2=" ">
			<subfield code="a">(CKB)111004368623066</subfield>
		</datafield>
		<datafield tag="035" ind1=" " ind2=" ">
			<subfield code="a">(EBL)1983209</subfield>
		</datafield>
		<datafield tag="035" ind1=" " ind2=" ">
			<subfield code="a">(SSID)ssj0000185999</subfield>
		</datafield>
		<datafield tag="035" ind1=" " ind2=" ">
			<subfield code="a">(PQKBManifestationID)11185371</subfield>
		</datafield>
		<datafield tag="035" ind1=" " ind2=" ">
			<subfield code="a">(PQKBTitleCode)TC0000185999</subfield>
		</datafield>
		<datafield tag="035" ind1=" " ind2=" ">
			<subfield code="a">(PQKBWorkID)10217949</subfield>
		</datafield>
		<datafield tag="035" ind1=" " ind2=" ">
			<subfield code="a">(PQKB)10902105</subfield>
		</datafield>
		<datafield tag="035" ind1=" " ind2=" ">
			<subfield code="a">(OCoLC)45729769</subfield>
		</datafield>
		<datafield tag="035" ind1=" " ind2=" ">
			<subfield code="a">(MdBmJHUP)muse45754</subfield>
		</datafield>
		<datafield tag="035" ind1=" " ind2=" ">
			<subfield code="a">(EXLCZ)99111004368623066</subfield>
		</datafield>
		<datafield tag="040" ind1=" " ind2=" ">
			<subfield code="a">MdBmJHUP</subfield>
			<subfield code="c">MdBmJHUP</subfield>
		</datafield>
		<datafield tag="041" ind1=" " ind2=" ">
			<subfield code="a">eng</subfield>
		</datafield>
		<datafield tag="050" ind1="0" ind2="0">
			<subfield code="a">PS3537.T3234</subfield>
			<subfield code="b">Z7156 1993</subfield>
		</datafield>
		<datafield tag="082" ind1="0" ind2="0">
			<subfield code="a">813/.52</subfield>
		</datafield>
		<datafield tag="245" ind1="0" ind2="0">
			<subfield code="a">John Steinbeck</subfield>
			<subfield code="h">[electronic resource] :</subfield>
			<subfield code="b">The Years of Greatness, 1936-1939 /</subfield>
			<subfield code="c">edited by Tetsumaro Hayashi ; with an introduction by John H. Timmerman.</subfield>
		</datafield>
		<datafield tag="260" ind1=" " ind2=" ">
			<subfield code="a">Tuscaloosa :</subfield>
			<subfield code="b">University of Alabama Press,</subfield>
			<subfield code="c">c1993.</subfield>
		</datafield>
		<datafield tag="300" ind1=" " ind2=" ">
			<subfield code="a">1 online resource (234 p.)</subfield>
		</datafield>
		<datafield tag="336" ind1=" " ind2=" ">
			<subfield code="a">text</subfield>
			<subfield code="b">txt</subfield>
		</datafield>
		<datafield tag="337" ind1=" " ind2=" ">
			<subfield code="a">computer</subfield>
			<subfield code="b">c</subfield>
		</datafield>
		<datafield tag="338" ind1=" " ind2=" ">
			<subfield code="a">online resource</subfield>
			<subfield code="b">cr</subfield>
		</datafield>
		<datafield tag="505" ind1="0" ind2=" ">
			<subfield code="a">Contents; Preface / Tetsumaro Hayashi; Acknowledgments; Introduction-Power and Grace: The Shape of a Tradition / John H. Timmerman; Part I: The Years of Greatness: Steinbeck's Women; 1. ""Your Own Mind Coming Out in the Garden"": Steinbeck's Elusive Woman / John Ditsky; 2. After The Grapes of Wrath: A Speculative Essay on John Steinbeck's Suite of Love Poems for Gwyn, ""The Girl of the Air"" / Robert DeMott; 3. Looking at Lisa: The Function of the Feminine in Steinbeck's In Dubious Battle / Abby H. P. Werlock</subfield>
		</datafield>
		<datafield tag="505" ind1="8" ind2=" ">
			<subfield code="a">4. The Dialogic Tension in Steinbeck's Portrait of Curley's Wife / Charlotte Cook HadellaPart II: The Years of Greatness: Steinbeck's Worker Trilogy; 5. Writing ""in Costume"": The Missing Voices of In Dubious Battle / Louis Owens; 6. Sharing Creation: Steinbeck, In Dubious Battle, and the Working-Class Novel in American Literature / Thomas M. Tammaro; 7. Reflections of Doc: The Persona of Ed Ricketts in Of Mice and Men / Thomas Fensch; 8. Tell Again, George / Robert E. Morsberger; 9. The Grapes of Wrath: Steinbeck and the Eternal Immigrant / Mimi Reisel Gladstein</subfield>
		</datafield>
		<datafield tag="505" ind1="8" ind2=" ">
			<subfield code="a">10. California Answers The Grapes of Wrath / Susan ShillinglawNotes; Works Cited; Contributors; Index</subfield>
		</datafield>
		<datafield tag="546" ind1=" " ind2=" ">
			<subfield code="a">English</subfield>
		</datafield>
		<datafield tag="500" ind1=" " ind2=" ">
			<subfield code="a">Papers presented by the North American delegates to the Third International Steinbeck Congress, held in Honolulu, Hawaii, May 27-30, 1991.</subfield>
		</datafield>
		<datafield tag="504" ind1=" " ind2=" ">
			<subfield code="a">Includes bibliographical references (p. [187]-194) and index.</subfield>
		</datafield>
		<datafield tag="588" ind1=" " ind2=" ">
			<subfield code="a">Description based on print version record.</subfield>
		</datafield>
		<datafield tag="600" ind1="1" ind2="0">
			<subfield code="a">Steinbeck, John,</subfield>
			<subfield code="d">1902-1968</subfield>
			<subfield code="x">Criticism and interpretation</subfield>
			<subfield code="v">Congresses.</subfield>
		</datafield>
		<datafield tag="655" ind1=" " ind2="4">
			<subfield code="a">Electronic books. </subfield>
		</datafield>
		<datafield tag="700" ind1="1" ind2=" ">
			<subfield code="a">Hayashi, Tetsumaro.</subfield>
		</datafield>
		<datafield tag="776" ind1=" " ind2=" ">
			<subfield code="z">0-8173-0692-7</subfield>
		</datafield>
		<datafield tag="906" ind1=" " ind2=" ">
			<subfield code="a">BOOK</subfield>
		</datafield>
	</record>