
	<record>
		<leader>00998cam-a2200325z--4500</leader>
		<controlfield tag="001">991001075603504574</controlfield>
		<controlfield tag="005">20170809171749.0</controlfield>
		<controlfield tag="008">160829s1994    xx      o           eng d</controlfield>
		<datafield tag="020" ind1=" " ind2=" ">
			<subfield code="a">0-585-30152-2</subfield>
		</datafield>
		<datafield tag="035" ind1=" " ind2=" ">
			<subfield code="a">(CKB)111004366695310</subfield>
		</datafield>
		<datafield tag="035" ind1=" " ind2=" ">
			<subfield code="a">(SSID)ssj0000166155</subfield>
		</datafield>
		<datafield tag="035" ind1=" " ind2=" ">
			<subfield code="a">(PQKBManifestationID)12046660</subfield>
		</datafield>
		<datafield tag="035" ind1=" " ind2=" ">
			<subfield code="a">(PQKBTitleCode)TC0000166155</subfield>
		</datafield>
		<datafield tag="035" ind1=" " ind2=" ">
			<subfield code="a">(PQKBWorkID)10147090</subfield>
		</datafield>
		<datafield tag="035" ind1=" " ind2=" ">
			<subfield code="a">(PQKB)11769245</subfield>
		</datafield>
		<datafield tag="035" ind1=" " ind2=" ">
			<subfield code="a">(EXLCZ)99111004366695310</subfield>
		</datafield>
		<datafield tag="040" ind1=" " ind2=" ">
			<subfield code="a">PQKB</subfield>
		</datafield>
		<datafield tag="041" ind1=" " ind2=" ">
			<subfield code="a">eng</subfield>
		</datafield>
		<datafield tag="050" ind1=" " ind2="0">
			<subfield code="a">CPB Box no. 210 vol. 10</subfield>
		</datafield>
		<datafield tag="100" ind1=" " ind2=" ">
			<subfield code="a">Winstead, Linda</subfield>
			<subfield code="e">Author</subfield>
		</datafield>
		<datafield tag="245" ind1="1" ind2="0">
			<subfield code="a">Guardian Angel</subfield>
		</datafield>
		<datafield tag="264" ind1="3" ind2="1">
			<subfield code="a">[Place of publication not identified]</subfield>
			<subfield code="b">Love Spell Imprint</subfield>
			<subfield code="c">1994</subfield>
		</datafield>
		<datafield tag="336" ind1=" " ind2=" ">
			<subfield code="a">text</subfield>
			<subfield code="b">txt</subfield>
		</datafield>
		<datafield tag="337" ind1=" " ind2=" ">
			<subfield code="a">computer</subfield>
			<subfield code="b">c</subfield>
		</datafield>
		<datafield tag="338" ind1=" " ind2=" ">
			<subfield code="a">online resource</subfield>
			<subfield code="b">cr</subfield>
		</datafield>
		<datafield tag="490" ind1="0" ind2=" ">
			<subfield code="a">Historical romance Guardian angel </subfield>
		</datafield>
		<datafield tag="500" ind1=" " ind2=" ">
			<subfield code="a">Bibliographic Level Mode of Issuance: Monograph</subfield>
		</datafield>
		<datafield tag="546" ind1=" " ind2=" ">
			<subfield code="a">English</subfield>
		</datafield>
		<datafield tag="710" ind1="2" ind2=" ">
			<subfield code="a">Copyright Paperback Collection (Library of Congress)</subfield>
			<subfield code="e">Content Provider</subfield>
		</datafield>
		<datafield tag="776" ind1=" " ind2=" ">
			<subfield code="z">0-505-51970-4</subfield>
		</datafield>
		<datafield tag="906" ind1=" " ind2=" ">
			<subfield code="a">BOOK</subfield>
		</datafield>
	</record>