
	<record>
		<leader>02112nam  2200517 i 4500</leader>
		<controlfield tag="001">991001075687704574</controlfield>
		<controlfield tag="005">20190724222008.0</controlfield>
		<controlfield tag="006">m     o  d |      </controlfield>
		<controlfield tag="007">cr#|n|---|||||</controlfield>
		<controlfield tag="008">160805t19651965nyu     ob    000 0 eng d</controlfield>
		<datafield tag="020" ind1=" " ind2=" ">
			<subfield code="a">0-7645-2212-4</subfield>
		</datafield>
		<datafield tag="035" ind1=" " ind2=" ">
			<subfield code="a">(CKB)111004368654098</subfield>
		</datafield>
		<datafield tag="035" ind1=" " ind2=" ">
			<subfield code="a">(EBL)129746</subfield>
		</datafield>
		<datafield tag="035" ind1=" " ind2=" ">
			<subfield code="a">(OCoLC)52979537</subfield>
		</datafield>
		<datafield tag="035" ind1=" " ind2=" ">
			<subfield code="a">(SSID)ssj0000248721</subfield>
		</datafield>
		<datafield tag="035" ind1=" " ind2=" ">
			<subfield code="a">(PQKBManifestationID)12050469</subfield>
		</datafield>
		<datafield tag="035" ind1=" " ind2=" ">
			<subfield code="a">(PQKBTitleCode)TC0000248721</subfield>
		</datafield>
		<datafield tag="035" ind1=" " ind2=" ">
			<subfield code="a">(PQKBWorkID)10202441</subfield>
		</datafield>
		<datafield tag="035" ind1=" " ind2=" ">
			<subfield code="a">(PQKB)10772631</subfield>
		</datafield>
		<datafield tag="035" ind1=" " ind2=" ">
			<subfield code="a">(MiAaPQ)EBC129746</subfield>
		</datafield>
		<datafield tag="035" ind1=" " ind2=" ">
			<subfield code="a">(EXLCZ)99111004368654098</subfield>
		</datafield>
		<datafield tag="040" ind1=" " ind2=" ">
			<subfield code="a">MiAaPQ</subfield>
			<subfield code="b">eng</subfield>
			<subfield code="e">rda</subfield>
			<subfield code="e">pn</subfield>
			<subfield code="c">MiAaPQ</subfield>
			<subfield code="d">MiAaPQ</subfield>
		</datafield>
		<datafield tag="041" ind1=" " ind2=" ">
			<subfield code="a">eng</subfield>
		</datafield>
		<datafield tag="050" ind1=" " ind2="4">
			<subfield code="a">PR821</subfield>
			<subfield code="b">.G736 1965</subfield>
		</datafield>
		<datafield tag="082" ind1="0" ind2="0">
			<subfield code="a">820.900912</subfield>
			<subfield code="a">823.912</subfield>
		</datafield>
		<datafield tag="100" ind1="1" ind2=" ">
			<subfield code="a">Shaw, Rita Granger,</subfield>
			<subfield code="e">author.</subfield>
		</datafield>
		<datafield tag="245" ind1="1" ind2="0">
			<subfield code="a">D. H. Lawrence's :</subfield>
			<subfield code="b">sons and lovers /</subfield>
			<subfield code="c">by Rita Granger Shaw.</subfield>
		</datafield>
		<datafield tag="264" ind1=" " ind2="1">
			<subfield code="a">New York, New York :</subfield>
			<subfield code="b">Hungry Minds, Inc.,</subfield>
			<subfield code="c">1965.</subfield>
		</datafield>
		<datafield tag="264" ind1=" " ind2="4">
			<subfield code="c">©1965</subfield>
		</datafield>
		<datafield tag="300" ind1=" " ind2=" ">
			<subfield code="a">1 online resource (74 p.)</subfield>
		</datafield>
		<datafield tag="336" ind1=" " ind2=" ">
			<subfield code="a">text</subfield>
			<subfield code="b">txt</subfield>
		</datafield>
		<datafield tag="337" ind1=" " ind2=" ">
			<subfield code="a">computer</subfield>
			<subfield code="b">c</subfield>
		</datafield>
		<datafield tag="338" ind1=" " ind2=" ">
			<subfield code="a">online resource</subfield>
			<subfield code="b">cr</subfield>
		</datafield>
		<datafield tag="490" ind1="0" ind2=" ">
			<subfield code="a">Cliffs Notes on</subfield>
		</datafield>
		<datafield tag="505" ind1="0" ind2=" ">
			<subfield code="a">Sons and Lovers; CONTENTS; INTRODUCTION; BACKGROUND OF THE NOVEL; PLOT SUMMARY; PART ONE; PART TWO; LAWRENCE'S STYLE; MAJOR CHARACTERS; MINOR CHARACTERS; SELECTED BIBLIOGRAPHY; CHRONOLOGICAL CHART; EXAMINATION QUESTIONS</subfield>
		</datafield>
		<datafield tag="520" ind1=" " ind2=" ">
			<subfield code="a">Paul Morel is a sensitive son of an English miner. He is devoted to his mother and torn between his love for Miriam and his bond with his mother. He rejects Miriam and turns to an older, married woman, but soon discovers that he cannot fully love a woman while his mother is alive.</subfield>
		</datafield>
		<datafield tag="546" ind1=" " ind2=" ">
			<subfield code="a">English</subfield>
		</datafield>
		<datafield tag="500" ind1=" " ind2=" ">
			<subfield code="a">"Your Key to the Classics".--Cover.</subfield>
		</datafield>
		<datafield tag="504" ind1=" " ind2=" ">
			<subfield code="a">Includes bibliographical references.</subfield>
		</datafield>
		<datafield tag="588" ind1=" " ind2=" ">
			<subfield code="a">Description based on online resource; title from PDF title page (ebrary, viewed August 5, 2016).</subfield>
		</datafield>
		<datafield tag="600" ind1="1" ind2="0">
			<subfield code="a">Lawrence, D. H.</subfield>
			<subfield code="q">(David Herbert),</subfield>
			<subfield code="d">1885-1930.</subfield>
		</datafield>
		<datafield tag="650" ind1=" " ind2="0">
			<subfield code="a">English fiction</subfield>
			<subfield code="x">History and criticism.</subfield>
		</datafield>
		<datafield tag="655" ind1=" " ind2="4">
			<subfield code="a">Electronic books.</subfield>
		</datafield>
		<datafield tag="710" ind1="2" ind2=" ">
			<subfield code="a">Cliffs Notes, Inc.</subfield>
		</datafield>
		<datafield tag="776" ind1=" " ind2=" ">
			<subfield code="z">0-8220-1210-3</subfield>
		</datafield>
		<datafield tag="830" ind1=" " ind2="0">
			<subfield code="a">Cliffs Notes</subfield>
		</datafield>
		<datafield tag="906" ind1=" " ind2=" ">
			<subfield code="a">BOOK</subfield>
		</datafield>
	</record>