
	<record>
		<leader>-----cam-a22-----z--4500</leader>
		<controlfield tag="001">991001075835404574</controlfield>
		<controlfield tag="008">181022u1888uuuuuuuuu-|-o----u|----|eng-d</controlfield>
		<datafield tag="020" ind1=" " ind2=" ">
			<subfield code="a">1-4381-5860-2</subfield>
		</datafield>
		<datafield tag="035" ind1=" " ind2=" ">
			<subfield code="a">(CKB)4950000000057078</subfield>
		</datafield>
		<datafield tag="035" ind1=" " ind2=" ">
			<subfield code="a">(EXLCZ)994950000000057078</subfield>
		</datafield>
		<datafield tag="245" ind1="0" ind2="0">
			<subfield code="a">Victories of Love</subfield>
		</datafield>
		<datafield tag="260" ind1=" " ind2=" ">
			<subfield code="b">Cassell &amp; Company, Limited</subfield>
		</datafield>
		<datafield tag="906" ind1=" " ind2=" ">
			<subfield code="a">BOOK</subfield>
		</datafield>
	</record>