
	<record>
		<leader>-----nam-a22-----z--4500</leader>
		<controlfield tag="001">991001075890004574</controlfield>
		<controlfield tag="008">170515u1862uuuuuuuuu-|-o----u|----|eng-d</controlfield>
		<datafield tag="035" ind1=" " ind2=" ">
			<subfield code="a">(CKB)3780000000310300</subfield>
		</datafield>
		<datafield tag="035" ind1=" " ind2=" ">
			<subfield code="a">(EXLCZ)993780000000310300</subfield>
		</datafield>
		<datafield tag="245" ind1="1" ind2="0">
			<subfield code="a">Fort Lafayette, or, Love and secession : a novel</subfield>
		</datafield>
		<datafield tag="246" ind1=" " ind2=" ">
			<subfield code="a">Fort Lafayette, or, Love and secession </subfield>
		</datafield>
		<datafield tag="260" ind1=" " ind2=" ">
			<subfield code="a"/>
			<subfield code="b">Carleton</subfield>
		</datafield>
		<datafield tag="906" ind1=" " ind2=" ">
			<subfield code="a">BOOK</subfield>
		</datafield>
	</record>