
	<record>
		<leader>01707cam a22004814a 4500</leader>
		<controlfield tag="001">991001075919504574</controlfield>
		<controlfield tag="005">20190723163850.0</controlfield>
		<controlfield tag="006">m     o  d        </controlfield>
		<controlfield tag="007">cr#-n---------</controlfield>
		<controlfield tag="008">910222s1992    txu     o      00 0 eng d</controlfield>
		<datafield tag="010" ind1=" " ind2=" ">
			<subfield code="z">   91009765 </subfield>
		</datafield>
		<datafield tag="020" ind1=" " ind2=" ">
			<subfield code="a">0-292-72734-8</subfield>
		</datafield>
		<datafield tag="035" ind1=" " ind2=" ">
			<subfield code="a">(CKB)3710000000462389</subfield>
		</datafield>
		<datafield tag="035" ind1=" " ind2=" ">
			<subfield code="a">(EBL)3443810</subfield>
		</datafield>
		<datafield tag="035" ind1=" " ind2=" ">
			<subfield code="a">(SSID)ssj0001533063</subfield>
		</datafield>
		<datafield tag="035" ind1=" " ind2=" ">
			<subfield code="a">(PQKBManifestationID)12645210</subfield>
		</datafield>
		<datafield tag="035" ind1=" " ind2=" ">
			<subfield code="a">(PQKBTitleCode)TC0001533063</subfield>
		</datafield>
		<datafield tag="035" ind1=" " ind2=" ">
			<subfield code="a">(PQKBWorkID)11475893</subfield>
		</datafield>
		<datafield tag="035" ind1=" " ind2=" ">
			<subfield code="a">(PQKB)10506968</subfield>
		</datafield>
		<datafield tag="035" ind1=" " ind2=" ">
			<subfield code="a">(MiAaPQ)EBC3443810</subfield>
		</datafield>
		<datafield tag="035" ind1=" " ind2=" ">
			<subfield code="a">(OCoLC)967539866</subfield>
		</datafield>
		<datafield tag="035" ind1=" " ind2=" ">
			<subfield code="a">(MdBmJHUP)muse50736</subfield>
		</datafield>
		<datafield tag="035" ind1=" " ind2=" ">
			<subfield code="a">(EXLCZ)993710000000462389</subfield>
		</datafield>
		<datafield tag="040" ind1=" " ind2=" ">
			<subfield code="a">MdBmJHUP</subfield>
			<subfield code="c">MdBmJHUP</subfield>
		</datafield>
		<datafield tag="041" ind1=" " ind2=" ">
			<subfield code="a">eng</subfield>
		</datafield>
		<datafield tag="050" ind1="0" ind2="0">
			<subfield code="a">PA6564.E5</subfield>
			<subfield code="b">W5 1992</subfield>
		</datafield>
		<datafield tag="082" ind1="0" ind2="0">
			<subfield code="a">871/.01</subfield>
		</datafield>
		<datafield tag="100" ind1="0" ind2=" ">
			<subfield code="a">Phaedrus.</subfield>
		</datafield>
		<datafield tag="240" ind1="1" ind2="0">
			<subfield code="a">Fabulae.</subfield>
			<subfield code="l">English</subfield>
		</datafield>
		<datafield tag="245" ind1="1" ind2="4">
			<subfield code="a">The Fables of Phaedrus</subfield>
			<subfield code="h">[electronic resource] /</subfield>
			<subfield code="c">translated by P.F. Widdows.</subfield>
		</datafield>
		<datafield tag="250" ind1=" " ind2=" ">
			<subfield code="a">First edition.</subfield>
		</datafield>
		<datafield tag="264" ind1=" " ind2="1">
			<subfield code="a">Austin, [Texas] :</subfield>
			<subfield code="b">University of Texas Press,</subfield>
			<subfield code="c">1992.</subfield>
		</datafield>
		<datafield tag="264" ind1=" " ind2="4">
			<subfield code="c">©1992</subfield>
		</datafield>
		<datafield tag="300" ind1=" " ind2=" ">
			<subfield code="a">1 online resource (197 p.)</subfield>
		</datafield>
		<datafield tag="336" ind1=" " ind2=" ">
			<subfield code="a">text</subfield>
			<subfield code="b">txt</subfield>
		</datafield>
		<datafield tag="337" ind1=" " ind2=" ">
			<subfield code="a">computer</subfield>
			<subfield code="b">c</subfield>
		</datafield>
		<datafield tag="338" ind1=" " ind2=" ">
			<subfield code="a">online resource</subfield>
			<subfield code="b">cr</subfield>
		</datafield>
		<datafield tag="505" ind1="0" ind2=" ">
			<subfield code="a">Introduction; Book 1; Prologue; 1. The Wolf and the Lamb; 2. The Frogs Ask for a King; 3. The Presumptuous Jackdaw and the Peacock; 4. The Dog Carrying a Piece of Meat across a River; 5. The Cow, the She-goat, the Sheep, and the Lion; 6. The Frogs Complain about the Sun; 7. The Fox and the Tragic Actor's Mask; 8. The Wolf and the Crane; 9. The Sparrow Gives Advice to the Hare; 10. The Wolf and the Fox Receive Judgment from the Ape; 11. The Lion and the Ass Go Hunting; 12. The Stag at the Fountain; 13. The Fox and the Crow; 14. From Cobbler to Physician</subfield>
		</datafield>
		<datafield tag="505" ind1="8" ind2=" ">
			<subfield code="a">15. What the Ass Said to the Old Shepherd16. The Sheep, the Stag, and the Wolf; 17. The Sheep, the Dog, and the Wolf; 18. A Woman in Childbirth; 19. The Dog and Her Litter of Puppies; 20. The Hungry Dogs; 21. The Old Lion, the Boar, the Bull, and the Ass; 22. The Weasel and the Man; 23. The Faithful Dog; 24. The Frog Who Burst Himself and the Bull; 25. The Dogs and the Crocodiles; 26. The Fox and the Stork; 27. The Dog, the Treasure, and the Vulture; 28. The Fox and the Eagle; 29. The Ass Insults the Boar; 30. The Frogs Afraid of the Battle of the Bulls; Untitled; Book 2; Author's Prologue</subfield>
		</datafield>
		<datafield tag="505" ind1="8" ind2=" ">
			<subfield code="a">1. The Bullock, the Lion, and the Bandit2. Two Women, One Old, One Young, in Love with the Same Man; 3. Aesop's Words to a Man about the Success of Wrongdoers; 4. The Eagle, the Cat, and the Wild Boar; 5. Tiberius' Words to an Attendant; 6. The Eagle and the Crow; 7. The Two Mules and the Robbers; 8. The Stag and the Oxen; Untitled; Book 3; Prologue: Phaedrus to Eutychus; 1. What the Old Woman Said to the Wine Jar; 2. The Panther and the Shepherds; 3. Aesop and the Farmer; 4. The Butcher and the Monkey; 5. Aesop and the Impudent Fellow; 6. The Fly and the Mule; 7. The Wolf and the Sleek Dog</subfield>
		</datafield>
		<datafield tag="505" ind1="8" ind2=" ">
			<subfield code="a">8. Brother and Sister9. Socrates to His Friends; 10. The Poet, on Believing and Not Believing; 11. The Eunuch's Reply to His Insulting Adversary; 12. The Cock and the Pearl; 13. The Wasp Adjudicating between the Bees and the Drones; 14. On Play and Seriousness; 15. The Dog and the Lamb; 16. The Cicada and the Owl; 17. The Trees under the Patronage of the Gods; 18. The Peacock Complains to Juno about His Voice; 19. Aesop's Reply to the Joker; Untitled; Book 4; Prologue: The Poet to Particulo; 1. The Ass and the Priests of Cybele; 2. The Weasel and the Mice; 3. The Fox and the Grapes</subfield>
		</datafield>
		<datafield tag="505" ind1="8" ind2=" ">
			<subfield code="a">4. The Horse and the Wild Boar5. Aesop and the Enigmatic Will; 6. The Battle of the Mice and Weasels; 7. Phaedrus and the Critic; 8. The Viper and the File; 9. The Fox and the Goat; 10. On the Faults of Men; 11. The Thief and His Lamp; 12. The Evils of Wealth; 13. The Reign of the Lion; 13A. The Reign of the Lion; 13B. The King of the Apes; 14. Prometheus; 15. Prometheus Again; 16. The Bearded She-goats; 17. On the Fortunes of Men; 18. The Dogs Send Envoys to Jupiter; 19. The Snake Fatal to the Compassionate Man; 19A. The Snake Fatal to the Compassionate Man; 20. The Fox and the Dragon</subfield>
		</datafield>
		<datafield tag="505" ind1="8" ind2=" ">
			<subfield code="a">21. Phaedrus</subfield>
		</datafield>
		<datafield tag="546" ind1=" " ind2=" ">
			<subfield code="a">English</subfield>
		</datafield>
		<datafield tag="500" ind1=" " ind2=" ">
			<subfield code="a">Translation of: Fabulae.</subfield>
		</datafield>
		<datafield tag="504" ind1=" " ind2=" ">
			<subfield code="a">Includes bibliographical references.</subfield>
		</datafield>
		<datafield tag="588" ind1=" " ind2=" ">
			<subfield code="a">Description based on print version record.</subfield>
		</datafield>
		<datafield tag="650" ind1=" " ind2="0">
			<subfield code="a">Fables, Latin</subfield>
			<subfield code="x">Translations into English.</subfield>
		</datafield>
		<datafield tag="600" ind1="0" ind2="0">
			<subfield code="a">Phaedrus</subfield>
			<subfield code="x">Translations into English.</subfield>
		</datafield>
		<datafield tag="655" ind1=" " ind2="4">
			<subfield code="a">Electronic books. </subfield>
		</datafield>
		<datafield tag="700" ind1="1" ind2=" ">
			<subfield code="a">Widdows, P. F.</subfield>
			<subfield code="q">(Paul Frederick),</subfield>
			<subfield code="d">1918-</subfield>
		</datafield>
		<datafield tag="776" ind1=" " ind2=" ">
			<subfield code="z">0-292-72470-5</subfield>
		</datafield>
		<datafield tag="906" ind1=" " ind2=" ">
			<subfield code="a">BOOK</subfield>
		</datafield>
	</record>