
	<record>
		<leader>-----nam-a22-----z--4500</leader>
		<controlfield tag="001">991001076022304574</controlfield>
		<controlfield tag="008">180610u1901uuuuuuuuu-|-o----u|----|eng-d</controlfield>
		<datafield tag="035" ind1=" " ind2=" ">
			<subfield code="a">(CKB)4330000001146841</subfield>
		</datafield>
		<datafield tag="035" ind1=" " ind2=" ">
			<subfield code="a">(EXLCZ)994330000001146841</subfield>
		</datafield>
		<datafield tag="245" ind1="1" ind2="0">
			<subfield code="a">Love Sonnets of a Hoodlum</subfield>
		</datafield>
		<datafield tag="906" ind1=" " ind2=" ">
			<subfield code="a">BOOK</subfield>
		</datafield>
	</record>
</collection>